timestamp;buyer;seller;symbol;currency;price;quantity
0;Caesar;Paris;JAMS;SEASHELLS;6446.0;10
200;Caesar;Paris;DJEMBES;SEASHELLS;13372.0;1
200;Caesar;Paris;JAMS;SEASHELLS;6445.0;5
200;Caesar;Caesar;VOLCANIC_ROCK;SEASHELLS;9919.0;6
300;Paris;Caesar;CROISSANTS;SEASHELLS;4297.0;6
500;Caesar;Camilla;CROISSANTS;SEASHELLS;4295.0;10
500;Caesar;Paris;CROISSANTS;SEASHELLS;4295.0;5
500;Gina;Charlie;RAINFOREST_RESIN;SEASHELLS;10003.0;6
500;Camilla;Caesar;VOLCANIC_ROCK_VOUCHER_10000;SEASHELLS;32.0;19
500;Camilla;Caesar;VOLCANIC_ROCK_VOUCHER_10250;SEASHELLS;2.0;19
500;Camilla;Caesar;VOLCANIC_ROCK_VOUCHER_9500;SEASHELLS;418.0;19
500;Camilla;Caesar;VOLCANIC_ROCK_VOUCHER_9750;SEASHELLS;181.0;19
600;Caesar;Paris;CROISSANTS;SEASHELLS;4295.0;8
600;Paris;Charlie;MAGNIFICENT_MACARONS;SEASHELLS;786.0;7
700;Caesar;Camilla;CROISSANTS;SEASHELLS;4295.0;5
800;Pablo;Caesar;VOLCANIC_ROCK;SEASHELLS;9920.0;1
900;Caesar;Camilla;DJEMBES;SEASHELLS;13373.0;11
900;Paris;Charlie;MAGNIFICENT_MACARONS;SEASHELLS;775.0;5
1000;Caesar;Paris;JAMS;SEASHELLS;6446.0;9
1100;Charlie;Paris;KELP;SEASHELLS;2036.0;1
1100;Charlie;Caesar;KELP;SEASHELLS;2037.0;3
1100;Charlie;Paris;SQUID_INK;SEASHELLS;1938.0;1
1100;Charlie;Caesar;SQUID_INK;SEASHELLS;1939.0;3
1200;Charlie;Paris;KELP;SEASHELLS;2036.0;1
1200;Charlie;Paris;SQUID_INK;SEASHELLS;1934.0;1
1300;Caesar;Camilla;JAMS;SEASHELLS;6447.0;12
1300;Caesar;Paris;RAINFOREST_RESIN;SEASHELLS;9999.0;1
1300;Camilla;Caesar;VOLCANIC_ROCK_VOUCHER_10000;SEASHELLS;33.0;14
1300;Caesar;Caesar;VOLCANIC_ROCK_VOUCHER_10000;SEASHELLS;33.0;2
1300;Camilla;Caesar;VOLCANIC_ROCK_VOUCHER_10250;SEASHELLS;2.0;14
1300;Caesar;Caesar;VOLCANIC_ROCK_VOUCHER_10250;SEASHELLS;2.0;2
1300;Camilla;Pablo;VOLCANIC_ROCK_VOUCHER_10500;SEASHELLS;0.0;8
1300;Camilla;Caesar;VOLCANIC_ROCK_VOUCHER_9500;SEASHELLS;420.0;14
1300;Caesar;Caesar;VOLCANIC_ROCK_VOUCHER_9500;SEASHELLS;420.0;2
1300;Camilla;Caesar;VOLCANIC_ROCK_VOUCHER_9750;SEASHELLS;180.0;14
1300;Caesar;Caesar;VOLCANIC_ROCK_VOUCHER_9750;SEASHELLS;180.0;2
1400;Paris;Camilla;KELP;SEASHELLS;2038.0;1
1400;Paris;Camilla;SQUID_INK;SEASHELLS;1938.0;1
1500;Charlie;Penelope;KELP;SEASHELLS;2035.0;4
1500;Penelope;Camilla;PICNIC_BASKET1;SEASHELLS;58352.0;5
1500;Penelope;Charlie;PICNIC_BASKET2;SEASHELLS;30134.0;5
1500;Charlie;Pablo;RAINFOREST_RESIN;SEASHELLS;9998.0;4
1500;Charlie;Penelope;SQUID_INK;SEASHELLS;1938.0;4
1600;Caesar;Caesar;VOLCANIC_ROCK;SEASHELLS;9920.0;6
1700;Charlie;Paris;KELP;SEASHELLS;2035.0;2
1700;Penelope;Camilla;PICNIC_BASKET1;SEASHELLS;58356.0;6
1700;Penelope;Camilla;PICNIC_BASKET2;SEASHELLS;30134.0;6
1700;Charlie;Paris;RAINFOREST_RESIN;SEASHELLS;9992.0;2
1700;Charlie;Gina;RAINFOREST_RESIN;SEASHELLS;9997.0;6
1700;Charlie;Paris;SQUID_INK;SEASHELLS;1942.0;2
1900;Caesar;Paris;CROISSANTS;SEASHELLS;4295.0;7
1900;Paris;Caesar;DJEMBES;SEASHELLS;13377.0;2
2000;Caesar;Camilla;DJEMBES;SEASHELLS;13376.0;6
2000;Paris;Charlie;MAGNIFICENT_MACARONS;SEASHELLS;782.0;4
2300;Penelope;Charlie;KELP;SEASHELLS;2039.0;15
2300;Penelope;Charlie;SQUID_INK;SEASHELLS;1944.0;15
2400;Gary;Charlie;KELP;SEASHELLS;2039.0;8
2400;Gary;Charlie;SQUID_INK;SEASHELLS;1943.0;8
2500;Charlie;Paris;RAINFOREST_RESIN;SEASHELLS;9999.0;1
2500;Caesar;Caesar;VOLCANIC_ROCK;SEASHELLS;9923.0;7
2700;Gary;Charlie;KELP;SEASHELLS;2039.0;10
2700;Gary;Charlie;SQUID_INK;SEASHELLS;1943.0;10
3200;Paris;Charlie;KELP;SEASHELLS;2038.0;1
3200;Paris;Charlie;SQUID_INK;SEASHELLS;1946.0;1
3300;Caesar;Paris;CROISSANTS;SEASHELLS;4295.0;5
3400;Paris;Charlie;RAINFOREST_RESIN;SEASHELLS;10001.0;1
3500;Charlie;Penelope;RAINFOREST_RESIN;SEASHELLS;9992.0;8
3600;Caesar;Paris;CROISSANTS;SEASHELLS;4295.0;7
3600;Pablo;Camilla;KELP;SEASHELLS;2038.0;1
3600;Penelope;Charlie;RAINFOREST_RESIN;SEASHELLS;10008.0;4
3600;Pablo;Camilla;SQUID_INK;SEASHELLS;1947.0;1
3600;Pablo;Charlie;SQUID_INK;SEASHELLS;1947.0;4
3800;Caesar;Paris;CROISSANTS;SEASHELLS;4295.0;5
3800;Paris;Charlie;KELP;SEASHELLS;2040.0;2
3800;Paris;Charlie;SQUID_INK;SEASHELLS;1948.0;2
4200;Caesar;Pablo;PICNIC_BASKET1;SEASHELLS;58331.0;2
4200;Caesar;Pablo;PICNIC_BASKET2;SEASHELLS;30125.0;2
4300;Charlie;Pablo;SQUID_INK;SEASHELLS;1945.0;5
4500;Caesar;Camilla;JAMS;SEASHELLS;6450.0;9
4500;Charlie;Paris;KELP;SEASHELLS;2035.0;1
4500;Paris;Charlie;KELP;SEASHELLS;2039.0;1
4500;Charlie;Paris;SQUID_INK;SEASHELLS;1945.0;1
4500;Paris;Charlie;SQUID_INK;SEASHELLS;1948.0;1
4800;Caesar;Paris;CROISSANTS;SEASHELLS;4296.0;8
5300;Paris;Caesar;JAMS;SEASHELLS;6453.0;6
5300;Penelope;Camilla;VOLCANIC_ROCK_VOUCHER_10000;SEASHELLS;34.0;12
5300;Penelope;Camilla;VOLCANIC_ROCK_VOUCHER_9500;SEASHELLS;436.0;12
5300;Penelope;Camilla;VOLCANIC_ROCK_VOUCHER_9750;SEASHELLS;198.0;12
5400;Caesar;Paris;DJEMBES;SEASHELLS;13372.0;4
5600;Paris;Camilla;KELP;SEASHELLS;2037.0;2
5600;Paris;Camilla;SQUID_INK;SEASHELLS;1949.0;2
5700;Caesar;Paris;DJEMBES;SEASHELLS;13374.0;5
5700;Charlie;Paris;KELP;SEASHELLS;2035.0;1
5700;Paris;Charlie;RAINFOREST_RESIN;SEASHELLS;10008.0;1
5700;Charlie;Paris;SQUID_INK;SEASHELLS;1944.0;1
5900;Charlie;Paris;KELP;SEASHELLS;2035.0;1
5900;Charlie;Paris;SQUID_INK;SEASHELLS;1943.0;1
5900;Caesar;Pablo;VOLCANIC_ROCK;SEASHELLS;9934.0;1
6100;Caesar;Paris;CROISSANTS;SEASHELLS;4295.0;5
6100;Charlie;Paris;RAINFOREST_RESIN;SEASHELLS;9999.0;1
6200;Paris;Caesar;CROISSANTS;SEASHELLS;4297.0;5
6200;Caesar;Caesar;VOLCANIC_ROCK;SEASHELLS;9935.0;8
6200;Pablo;Camilla;VOLCANIC_ROCK_VOUCHER_9750;SEASHELLS;196.0;10
6300;Camilla;Pablo;PICNIC_BASKET1;SEASHELLS;58337.0;3
6300;Charlie;Pablo;PICNIC_BASKET2;SEASHELLS;30140.0;3
6300;Paris;Charlie;RAINFOREST_RESIN;SEASHELLS;10001.0;1
6400;Caesar;Paris;JAMS;SEASHELLS;6451.0;4
6400;Camilla;Pablo;VOLCANIC_ROCK_VOUCHER_10000;SEASHELLS;38.0;15
6400;Camilla;Pablo;VOLCANIC_ROCK_VOUCHER_10250;SEASHELLS;3.0;15
6400;Camilla;Pablo;VOLCANIC_ROCK_VOUCHER_10500;SEASHELLS;0.0;15
6400;Camilla;Pablo;VOLCANIC_ROCK_VOUCHER_9500;SEASHELLS;436.0;15
6400;Camilla;Pablo;VOLCANIC_ROCK_VOUCHER_9750;SEASHELLS;197.0;15
6800;Paris;Camilla;KELP;SEASHELLS;2037.0;1
6800;Paris;Camilla;SQUID_INK;SEASHELLS;1937.0;1
6900;Charlie;Paris;KELP;SEASHELLS;2035.0;1
6900;Charlie;Paris;SQUID_INK;SEASHELLS;1936.0;1
7000;Caesar;Camilla;JAMS;SEASHELLS;6451.0;3
7000;Caesar;Caesar;VOLCANIC_ROCK;SEASHELLS;9940.0;9
7100;Caesar;Camilla;CROISSANTS;SEASHELLS;4295.0;10
7100;Caesar;Paris;JAMS;SEASHELLS;6451.0;6
7600;Paris;Charlie;KELP;SEASHELLS;2037.0;1
7600;Paris;Charlie;SQUID_INK;SEASHELLS;1938.0;1
7900;Paris;Charlie;KELP;SEASHELLS;2037.0;1
7900;Paris;Charlie;SQUID_INK;SEASHELLS;1938.0;1
8100;Paris;Charlie;KELP;SEASHELLS;2038.0;1
8100;Charlie;Paris;RAINFOREST_RESIN;SEASHELLS;9999.0;1
8100;Paris;Charlie;SQUID_INK;SEASHELLS;1939.0;1
8300;Caesar;Paris;DJEMBES;SEASHELLS;13377.0;4
8300;Camilla;Caesar;VOLCANIC_ROCK_VOUCHER_10000;SEASHELLS;36.0;13
8300;Caesar;Caesar;VOLCANIC_ROCK_VOUCHER_10000;SEASHELLS;36.0;2
8300;Camilla;Caesar;VOLCANIC_ROCK_VOUCHER_10250;SEASHELLS;3.0;13
8300;Caesar;Caesar;VOLCANIC_ROCK_VOUCHER_10250;SEASHELLS;3.0;2
8300;Camilla;Caesar;VOLCANIC_ROCK_VOUCHER_9500;SEASHELLS;437.0;13
8300;Caesar;Caesar;VOLCANIC_ROCK_VOUCHER_9500;SEASHELLS;437.0;2
8300;Camilla;Caesar;VOLCANIC_ROCK_VOUCHER_9750;SEASHELLS;196.0;13
8300;Caesar;Caesar;VOLCANIC_ROCK_VOUCHER_9750;SEASHELLS;196.0;2
8400;Charlie;Pablo;RAINFOREST_RESIN;SEASHELLS;9992.0;4
8400;Caesar;Peter;VOLCANIC_ROCK;SEASHELLS;9936.0;8
8500;Paris;Charlie;RAINFOREST_RESIN;SEASHELLS;10008.0;1
8600;Paris;Caesar;DJEMBES;SEASHELLS;13379.0;1
8700;Paris;Charlie;KELP;SEASHELLS;2036.0;1
9000;Camilla;Gina;RAINFOREST_RESIN;SEASHELLS;9997.0;5
9100;Charlie;Pablo;RAINFOREST_RESIN;SEASHELLS;9992.0;4
9100;Charlie;Paris;RAINFOREST_RESIN;SEASHELLS;9992.0;2
9400;Caesar;Peter;VOLCANIC_ROCK;SEASHELLS;9931.0;9
9500;Charlie;Paris;RAINFOREST_RESIN;SEASHELLS;9999.0;1
9700;Caesar;Camilla;CROISSANTS;SEASHELLS;4296.0;5
9700;Paris;Charlie;MAGNIFICENT_MACARONS;SEASHELLS;778.0;6
9700;Paris;Caesar;RAINFOREST_RESIN;SEASHELLS;10001.0;1
9800;Paris;Caesar;CROISSANTS;SEASHELLS;4297.0;6
9900;Paris;Caesar;CROISSANTS;SEASHELLS;4297.0;7
9900;Paris;Caesar;DJEMBES;SEASHELLS;13375.0;4
9900;Camilla;Pablo;KELP;SEASHELLS;2034.0;3
9900;Penelope;Charlie;KELP;SEASHELLS;2037.0;7
9900;Penelope;Pablo;SQUID_INK;SEASHELLS;1940.0;3
10000;Paris;Caesar;KELP;SEASHELLS;2036.0;1
10000;Charlie;Caesar;KELP;SEASHELLS;2035.0;5
10000;Paris;Caesar;SQUID_INK;SEASHELLS;1941.0;1
10000;Charlie;Caesar;SQUID_INK;SEASHELLS;1940.0;5
10100;Camilla;Caesar;VOLCANIC_ROCK_VOUCHER_10000;SEASHELLS;36.0;12
10100;Camilla;Caesar;VOLCANIC_ROCK_VOUCHER_10250;SEASHELLS;3.0;12
10100;Camilla;Caesar;VOLCANIC_ROCK_VOUCHER_9500;SEASHELLS;430.0;12
10100;Camilla;Caesar;VOLCANIC_ROCK_VOUCHER_9750;SEASHELLS;192.0;12
10300;Caesar;Camilla;DJEMBES;SEASHELLS;13374.0;10
10400;Paris;Caesar;DJEMBES;SEASHELLS;13375.0;1
10400;Paris;Charlie;KELP;SEASHELLS;2036.0;1
10400;Pablo;Charlie;RAINFOREST_RESIN;SEASHELLS;10008.0;4
10400;Paris;Charlie;SQUID_INK;SEASHELLS;1942.0;1
10600;Paris;Caesar;JAMS;SEASHELLS;6454.0;8
10600;Pablo;Penelope;KELP;SEASHELLS;2035.0;2
10600;Pablo;Penelope;SQUID_INK;SEASHELLS;1940.0;2
10700;Charlie;Gary;KELP;SEASHELLS;2033.0;14
10700;Charlie;Gary;SQUID_INK;SEASHELLS;1938.0;14
10800;Paris;Caesar;DJEMBES;SEASHELLS;13375.0;1
10900;Paris;Charlie;MAGNIFICENT_MACARONS;SEASHELLS;784.0;5
10900;Caesar;Caesar;VOLCANIC_ROCK;SEASHELLS;9919.0;10
10900;Caesar;Peter;VOLCANIC_ROCK;SEASHELLS;9919.0;7
11300;Camilla;Penelope;VOLCANIC_ROCK_VOUCHER_10000;SEASHELLS;31.0;14
11300;Camilla;Penelope;VOLCANIC_ROCK_VOUCHER_9500;SEASHELLS;424.0;14
11300;Camilla;Penelope;VOLCANIC_ROCK_VOUCHER_9750;SEASHELLS;188.0;14
11400;Camilla;Camilla;MAGNIFICENT_MACARONS;SEASHELLS;776.0;2
11500;Paris;Caesar;DJEMBES;SEASHELLS;13374.0;2
11600;Caesar;Paris;CROISSANTS;SEASHELLS;4296.0;7
11600;Paris;Caesar;DJEMBES;SEASHELLS;13375.0;5
11700;Charlie;Pablo;KELP;SEASHELLS;2034.0;4
11700;Charlie;Pablo;SQUID_INK;SEASHELLS;1960.0;4
12100;Paris;Caesar;CROISSANTS;SEASHELLS;4299.0;8
12500;Paris;Charlie;KELP;SEASHELLS;2037.0;1
12500;Paris;Charlie;SQUID_INK;SEASHELLS;1948.0;1
12700;Charlie;Paris;KELP;SEASHELLS;2033.0;1
12700;Charlie;Caesar;KELP;SEASHELLS;2034.0;4
12700;Charlie;Paris;SQUID_INK;SEASHELLS;1946.0;1
12700;Charlie;Caesar;SQUID_INK;SEASHELLS;1947.0;4
13000;Caesar;Camilla;CROISSANTS;SEASHELLS;4298.0;8
13100;Caesar;Camilla;JAMS;SEASHELLS;6455.0;3
13200;Penelope;Charlie;KELP;SEASHELLS;2036.0;13
13200;Penelope;Charlie;SQUID_INK;SEASHELLS;1953.0;13
13300;Paris;Charlie;KELP;SEASHELLS;2036.0;1
13300;Paris;Charlie;SQUID_INK;SEASHELLS;1953.0;1
13300;Penelope;Camilla;VOLCANIC_ROCK_VOUCHER_9500;SEASHELLS;421.0;16
13300;Penelope;Camilla;VOLCANIC_ROCK_VOUCHER_9750;SEASHELLS;184.0;16
13500;Paris;Caesar;DJEMBES;SEASHELLS;13374.0;1
13500;Paris;Charlie;MAGNIFICENT_MACARONS;SEASHELLS;762.0;5
13500;Paris;Camilla;RAINFOREST_RESIN;SEASHELLS;10003.0;1
13600;Pablo;Charlie;KELP;SEASHELLS;2035.0;3
13700;Paris;Charlie;RAINFOREST_RESIN;SEASHELLS;10008.0;1
13800;Paris;Caesar;DJEMBES;SEASHELLS;13375.0;3
13800;Caesar;Paris;JAMS;SEASHELLS;6456.0;4
13900;Paris;Caesar;CROISSANTS;SEASHELLS;4299.0;8
14200;Paris;Caesar;CROISSANTS;SEASHELLS;4299.0;8
14200;Paris;Caesar;JAMS;SEASHELLS;6458.0;10
14300;Paris;Caesar;JAMS;SEASHELLS;6458.0;8
14300;Paris;Charlie;RAINFOREST_RESIN;SEASHELLS;10008.0;2
14400;Caesar;Caesar;VOLCANIC_ROCK;SEASHELLS;9908.0;10
14600;Paris;Camilla;KELP;SEASHELLS;2036.0;1
14600;Paris;Camilla;SQUID_INK;SEASHELLS;1967.0;1
14700;Pablo;Paris;KELP;SEASHELLS;2036.0;1
14700;Pablo;Charlie;KELP;SEASHELLS;2036.0;2
14700;Pablo;Paris;SQUID_INK;SEASHELLS;1969.0;1
14700;Pablo;Charlie;SQUID_INK;SEASHELLS;1969.0;2
15000;Caesar;Camilla;CROISSANTS;SEASHELLS;4299.0;6
15000;Paris;Charlie;MAGNIFICENT_MACARONS;SEASHELLS;752.0;5
15100;Camilla;Caesar;VOLCANIC_ROCK_VOUCHER_10000;SEASHELLS;29.0;12
15100;Caesar;Caesar;VOLCANIC_ROCK_VOUCHER_10000;SEASHELLS;29.0;2
15100;Camilla;Caesar;VOLCANIC_ROCK_VOUCHER_10250;SEASHELLS;2.0;12
15100;Caesar;Caesar;VOLCANIC_ROCK_VOUCHER_10250;SEASHELLS;2.0;2
15100;Camilla;Caesar;VOLCANIC_ROCK_VOUCHER_9500;SEASHELLS;410.0;12
15100;Caesar;Caesar;VOLCANIC_ROCK_VOUCHER_9500;SEASHELLS;410.0;2
15100;Camilla;Caesar;VOLCANIC_ROCK_VOUCHER_9750;SEASHELLS;176.0;12
15100;Caesar;Caesar;VOLCANIC_ROCK_VOUCHER_9750;SEASHELLS;176.0;2
15200;Paris;Camilla;KELP;SEASHELLS;2037.0;1
15200;Penelope;Charlie;RAINFOREST_RESIN;SEASHELLS;10008.0;6
15200;Paris;Charlie;RAINFOREST_RESIN;SEASHELLS;10008.0;2
15200;Paris;Camilla;SQUID_INK;SEASHELLS;1972.0;1
15300;Caesar;Caesar;VOLCANIC_ROCK;SEASHELLS;9906.0;7
15300;Camilla;Caesar;VOLCANIC_ROCK_VOUCHER_10000;SEASHELLS;29.0;10
15300;Camilla;Caesar;VOLCANIC_ROCK_VOUCHER_10250;SEASHELLS;2.0;10
15300;Camilla;Caesar;VOLCANIC_ROCK_VOUCHER_9500;SEASHELLS;408.0;10
15300;Camilla;Caesar;VOLCANIC_ROCK_VOUCHER_9750;SEASHELLS;172.0;10
15500;Caesar;Paris;MAGNIFICENT_MACARONS;SEASHELLS;755.0;7
15700;Peter;Caesar;VOLCANIC_ROCK;SEASHELLS;9907.0;9
15800;Camilla;Caesar;VOLCANIC_ROCK_VOUCHER_10000;SEASHELLS;30.0;13
15800;Camilla;Caesar;VOLCANIC_ROCK_VOUCHER_10250;SEASHELLS;2.0;13
15800;Camilla;Caesar;VOLCANIC_ROCK_VOUCHER_9500;SEASHELLS;408.0;13
15800;Camilla;Caesar;VOLCANIC_ROCK_VOUCHER_9750;SEASHELLS;172.0;13
16100;Charlie;Paris;RAINFOREST_RESIN;SEASHELLS;9999.0;1
16500;Caesar;Paris;DJEMBES;SEASHELLS;13370.0;4
16500;Caesar;Penelope;PICNIC_BASKET1;SEASHELLS;58368.0;1
16500;Caesar;Penelope;PICNIC_BASKET2;SEASHELLS;30175.0;1
16500;Camilla;Penelope;VOLCANIC_ROCK_VOUCHER_9500;SEASHELLS;408.0;16
16500;Caesar;Penelope;VOLCANIC_ROCK_VOUCHER_9500;SEASHELLS;408.0;2
16500;Camilla;Penelope;VOLCANIC_ROCK_VOUCHER_9750;SEASHELLS;175.0;16
16500;Caesar;Penelope;VOLCANIC_ROCK_VOUCHER_9750;SEASHELLS;175.0;2
16600;Caesar;Camilla;JAMS;SEASHELLS;6455.0;3
16700;Caesar;Gina;KELP;SEASHELLS;2035.0;1
16700;Charlie;Gina;KELP;SEASHELLS;2035.0;9
16700;Charlie;Gina;SQUID_INK;SEASHELLS;1972.0;10
16900;Caesar;Paris;CROISSANTS;SEASHELLS;4300.0;7
16900;Caesar;Paris;JAMS;SEASHELLS;6454.0;8
16900;Gina;Paris;RAINFOREST_RESIN;SEASHELLS;9999.0;1
16900;Gina;Caesar;RAINFOREST_RESIN;SEASHELLS;10003.0;11
17000;Camilla;Caesar;VOLCANIC_ROCK_VOUCHER_10000;SEASHELLS;33.0;11
17000;Caesar;Caesar;VOLCANIC_ROCK_VOUCHER_10000;SEASHELLS;33.0;1
17000;Camilla;Caesar;VOLCANIC_ROCK_VOUCHER_10250;SEASHELLS;2.0;11
17000;Caesar;Caesar;VOLCANIC_ROCK_VOUCHER_10250;SEASHELLS;2.0;1
17000;Camilla;Caesar;VOLCANIC_ROCK_VOUCHER_9500;SEASHELLS;415.0;11
17000;Caesar;Caesar;VOLCANIC_ROCK_VOUCHER_9500;SEASHELLS;415.0;1
17000;Camilla;Caesar;VOLCANIC_ROCK_VOUCHER_9750;SEASHELLS;178.0;11
17000;Caesar;Caesar;VOLCANIC_ROCK_VOUCHER_9750;SEASHELLS;178.0;1
17100;Charlie;Gary;KELP;SEASHELLS;2035.0;10
17100;Charlie;Gary;SQUID_INK;SEASHELLS;1975.0;10
17200;Paris;Charlie;MAGNIFICENT_MACARONS;SEASHELLS;773.0;6
17400;Caesar;Paris;JAMS;SEASHELLS;6454.0;9
17400;Charlie;Paris;KELP;SEASHELLS;2035.0;1
17400;Charlie;Paris;SQUID_INK;SEASHELLS;1968.0;1
17500;Charlie;Penelope;KELP;SEASHELLS;2035.0;15
17500;Paris;Charlie;KELP;SEASHELLS;2039.0;1
17500;Caesar;Penelope;PICNIC_BASKET1;SEASHELLS;58382.0;2
17500;Charlie;Penelope;PICNIC_BASKET2;SEASHELLS;30178.0;5
17500;Charlie;Penelope;SQUID_INK;SEASHELLS;1968.0;15
17500;Paris;Charlie;SQUID_INK;SEASHELLS;1971.0;1
17600;Caesar;Camilla;JAMS;SEASHELLS;6454.0;6
17600;Charlie;Gary;KELP;SEASHELLS;2035.0;12
17600;Penelope;Caesar;PICNIC_BASKET1;SEASHELLS;58393.0;1
17600;Penelope;Caesar;PICNIC_BASKET2;SEASHELLS;30184.0;1
17600;Charlie;Gary;SQUID_INK;SEASHELLS;1966.0;12
17800;Paris;Camilla;KELP;SEASHELLS;2037.0;1
17800;Paris;Camilla;SQUID_INK;SEASHELLS;1969.0;1
17900;Paris;Penelope;KELP;SEASHELLS;2038.0;1
17900;Camilla;Pablo;PICNIC_BASKET2;SEASHELLS;30179.0;5
17900;Paris;Penelope;SQUID_INK;SEASHELLS;1972.0;1
18000;Caesar;Paris;CROISSANTS;SEASHELLS;4302.0;5
18000;Caesar;Paris;DJEMBES;SEASHELLS;13370.0;2
18000;Paris;Charlie;MAGNIFICENT_MACARONS;SEASHELLS;775.0;6
18100;Caesar;Camilla;JAMS;SEASHELLS;6454.0;9
18400;Paris;Caesar;JAMS;SEASHELLS;6455.0;4
18500;Charlie;Paris;RAINFOREST_RESIN;SEASHELLS;9999.0;1
18700;Caesar;Paris;JAMS;SEASHELLS;6454.0;4
18900;Charlie;Paris;KELP;SEASHELLS;2036.0;1
18900;Charlie;Paris;RAINFOREST_RESIN;SEASHELLS;9999.0;1
18900;Charlie;Paris;SQUID_INK;SEASHELLS;1978.0;1
18900;Camilla;Penelope;VOLCANIC_ROCK_VOUCHER_10000;SEASHELLS;35.0;10
18900;Camilla;Penelope;VOLCANIC_ROCK_VOUCHER_9500;SEASHELLS;412.0;10
18900;Camilla;Penelope;VOLCANIC_ROCK_VOUCHER_9750;SEASHELLS;176.0;10
19000;Paris;Caesar;DJEMBES;SEASHELLS;13371.0;3
19000;Charlie;Paris;KELP;SEASHELLS;2036.0;1
19000;Penelope;Charlie;KELP;SEASHELLS;2039.0;15
19000;Charlie;Paris;SQUID_INK;SEASHELLS;1979.0;1
19000;Penelope;Charlie;SQUID_INK;SEASHELLS;1982.0;15
19100;Caesar;Penelope;PICNIC_BASKET1;SEASHELLS;58371.0;1
19100;Camilla;Penelope;PICNIC_BASKET2;SEASHELLS;30187.0;7
19300;Pablo;Caesar;VOLCANIC_ROCK;SEASHELLS;9916.0;3
19300;Caesar;Peter;VOLCANIC_ROCK;SEASHELLS;9915.0;7
19400;Caesar;Camilla;JAMS;SEASHELLS;6456.0;5
19400;Paris;Charlie;SQUID_INK;SEASHELLS;1980.0;1
19400;Caesar;Caesar;VOLCANIC_ROCK;SEASHELLS;9913.0;6
19600;Paris;Caesar;CROISSANTS;SEASHELLS;4302.0;6
19700;Caesar;Camilla;DJEMBES;SEASHELLS;13373.0;10
19700;Caesar;Pablo;PICNIC_BASKET1;SEASHELLS;58381.0;1
19700;Camilla;Pablo;PICNIC_BASKET1;SEASHELLS;58380.0;6
19700;Caesar;Pablo;PICNIC_BASKET2;SEASHELLS;30186.0;1
19700;Charlie;Pablo;PICNIC_BASKET2;SEASHELLS;30185.0;6
19900;Paris;Caesar;CROISSANTS;SEASHELLS;4302.0;7
20100;Charlie;Paris;KELP;SEASHELLS;2036.0;1
20100;Charlie;Paris;SQUID_INK;SEASHELLS;1992.0;1
20300;Charlie;Paris;KELP;SEASHELLS;2037.0;1
20300;Caesar;Paris;SQUID_INK;SEASHELLS;1983.0;1
20400;Paris;Caesar;DJEMBES;SEASHELLS;13376.0;5
20400;Paris;Caesar;JAMS;SEASHELLS;6456.0;9
20500;Charlie;Paris;KELP;SEASHELLS;2036.0;2
20500;Charlie;Paris;SQUID_INK;SEASHELLS;1983.0;2
20700;Caesar;Paris;DJEMBES;SEASHELLS;13375.0;2
20700;Paris;Caesar;JAMS;SEASHELLS;6457.0;4
21000;Paris;Caesar;JAMS;SEASHELLS;6456.0;10
21000;Charlie;Paris;KELP;SEASHELLS;2036.0;1
21000;Charlie;Paris;SQUID_INK;SEASHELLS;1985.0;1
21100;Charlie;Paris;KELP;SEASHELLS;2036.0;1
21100;Penelope;Charlie;KELP;SEASHELLS;2039.0;12
21100;Charlie;Pablo;RAINFOREST_RESIN;SEASHELLS;9992.0;6
21100;Charlie;Paris;SQUID_INK;SEASHELLS;1987.0;1
21100;Penelope;Charlie;SQUID_INK;SEASHELLS;1990.0;12
21200;Paris;Camilla;KELP;SEASHELLS;2038.0;1
21200;Paris;Camilla;SQUID_INK;SEASHELLS;1989.0;1
21300;Paris;Caesar;CROISSANTS;SEASHELLS;4303.0;6
21300;Penelope;Charlie;RAINFOREST_RESIN;SEASHELLS;10008.0;8
21400;Pablo;Charlie;RAINFOREST_RESIN;SEASHELLS;10008.0;5
21400;Penelope;Camilla;VOLCANIC_ROCK_VOUCHER_9500;SEASHELLS;418.0;14
21400;Penelope;Camilla;VOLCANIC_ROCK_VOUCHER_9750;SEASHELLS;181.0;14
21500;Paris;Caesar;DJEMBES;SEASHELLS;13374.0;4
21500;Penelope;Caesar;PICNIC_BASKET1;SEASHELLS;58416.0;2
21500;Penelope;Camilla;PICNIC_BASKET2;SEASHELLS;30201.0;5
21600;Paris;Caesar;DJEMBES;SEASHELLS;13372.0;1
21600;Paris;Charlie;RAINFOREST_RESIN;SEASHELLS;10008.0;1
21900;Caesar;Camilla;JAMS;SEASHELLS;6455.0;5
22200;Caesar;Camilla;DJEMBES;SEASHELLS;13372.0;10
22400;Pablo;Charlie;RAINFOREST_RESIN;SEASHELLS;10002.0;5
22500;Caesar;Camilla;JAMS;SEASHELLS;6454.0;6
22500;Pablo;Caesar;VOLCANIC_ROCK;SEASHELLS;9928.0;3
22500;Penelope;Camilla;VOLCANIC_ROCK_VOUCHER_10000;SEASHELLS;35.0;10
22500;Penelope;Camilla;VOLCANIC_ROCK_VOUCHER_9500;SEASHELLS;429.0;10
22500;Penelope;Camilla;VOLCANIC_ROCK_VOUCHER_9750;SEASHELLS;188.0;10
22700;Caesar;Paris;JAMS;SEASHELLS;6453.0;10
22900;Charlie;Paris;KELP;SEASHELLS;2036.0;1
22900;Charlie;Paris;SQUID_INK;SEASHELLS;1988.0;1
23000;Paris;Caesar;DJEMBES;SEASHELLS;13370.0;5
23200;Paris;Caesar;DJEMBES;SEASHELLS;13367.0;2
23300;Charlie;Paris;KELP;SEASHELLS;2036.0;1
23300;Charlie;Paris;SQUID_INK;SEASHELLS;1988.0;1
23400;Charlie;Paris;KELP;SEASHELLS;2036.0;1
23400;Caesar;Paris;SQUID_INK;SEASHELLS;1989.0;1
23400;Penelope;Camilla;VOLCANIC_ROCK_VOUCHER_9500;SEASHELLS;426.0;11
23400;Penelope;Camilla;VOLCANIC_ROCK_VOUCHER_9750;SEASHELLS;190.0;11
23500;Paris;Charlie;RAINFOREST_RESIN;SEASHELLS;10008.0;1
23600;Caesar;Paris;DJEMBES;SEASHELLS;13366.0;1
23600;Paris;Camilla;KELP;SEASHELLS;2038.0;1
23600;Paris;Camilla;SQUID_INK;SEASHELLS;2000.0;1
23600;Caesar;Caesar;VOLCANIC_ROCK;SEASHELLS;9925.0;7
23700;Caesar;Camilla;CROISSANTS;SEASHELLS;4303.0;5
23700;Camilla;Pablo;VOLCANIC_ROCK_VOUCHER_10000;SEASHELLS;37.0;9
23700;Camilla;Pablo;VOLCANIC_ROCK_VOUCHER_10250;SEASHELLS;3.0;9
23700;Camilla;Pablo;VOLCANIC_ROCK_VOUCHER_10500;SEASHELLS;0.0;9
23700;Camilla;Pablo;VOLCANIC_ROCK_VOUCHER_9500;SEASHELLS;427.0;9
23700;Camilla;Pablo;VOLCANIC_ROCK_VOUCHER_9750;SEASHELLS;188.0;9
24000;Pablo;Charlie;KELP;SEASHELLS;2038.0;5
24100;Caesar;Camilla;CROISSANTS;SEASHELLS;4302.0;10
24100;Pablo;Caesar;PICNIC_BASKET1;SEASHELLS;58418.0;1
24100;Pablo;Camilla;PICNIC_BASKET1;SEASHELLS;58418.0;3
24100;Pablo;Camilla;PICNIC_BASKET2;SEASHELLS;30211.0;4
24200;Caesar;Paris;CROISSANTS;SEASHELLS;4302.0;8
24200;Camilla;Paris;KELP;SEASHELLS;2036.0;1
24200;Camilla;Paris;SQUID_INK;SEASHELLS;2004.0;1
24300;Paris;Charlie;KELP;SEASHELLS;2038.0;1
24300;Paris;Charlie;SQUID_INK;SEASHELLS;1996.0;1
24500;Pablo;Caesar;VOLCANIC_ROCK;SEASHELLS;9926.0;3
24600;Paris;Caesar;JAMS;SEASHELLS;6458.0;10
24600;Pablo;Caesar;VOLCANIC_ROCK;SEASHELLS;9926.0;3
24600;Camilla;Caesar;VOLCANIC_ROCK_VOUCHER_10000;SEASHELLS;34.0;14
24600;Caesar;Caesar;VOLCANIC_ROCK_VOUCHER_10000;SEASHELLS;34.0;2
24600;Camilla;Caesar;VOLCANIC_ROCK_VOUCHER_10250;SEASHELLS;3.0;14
24600;Caesar;Caesar;VOLCANIC_ROCK_VOUCHER_10250;SEASHELLS;3.0;2
24600;Camilla;Caesar;VOLCANIC_ROCK_VOUCHER_9500;SEASHELLS;426.0;14
24600;Caesar;Caesar;VOLCANIC_ROCK_VOUCHER_9500;SEASHELLS;426.0;2
24600;Camilla;Caesar;VOLCANIC_ROCK_VOUCHER_9750;SEASHELLS;188.0;14
24600;Caesar;Caesar;VOLCANIC_ROCK_VOUCHER_9750;SEASHELLS;188.0;2
24700;Caesar;Paris;DJEMBES;SEASHELLS;13372.0;4
24700;Camilla;Caesar;VOLCANIC_ROCK_VOUCHER_10000;SEASHELLS;34.0;12
24700;Camilla;Caesar;VOLCANIC_ROCK_VOUCHER_10250;SEASHELLS;2.0;12
24700;Camilla;Caesar;VOLCANIC_ROCK_VOUCHER_9500;SEASHELLS;423.0;12
24700;Camilla;Caesar;VOLCANIC_ROCK_VOUCHER_9750;SEASHELLS;186.0;12
24900;Caesar;Paris;JAMS;SEASHELLS;6459.0;8
24900;Penelope;Camilla;VOLCANIC_ROCK_VOUCHER_10000;SEASHELLS;39.0;10
24900;Penelope;Caesar;VOLCANIC_ROCK_VOUCHER_10000;SEASHELLS;39.0;1
24900;Penelope;Camilla;VOLCANIC_ROCK_VOUCHER_9500;SEASHELLS;426.0;10
24900;Penelope;Caesar;VOLCANIC_ROCK_VOUCHER_9500;SEASHELLS;426.0;1
24900;Penelope;Camilla;VOLCANIC_ROCK_VOUCHER_9750;SEASHELLS;188.0;10
24900;Penelope;Caesar;VOLCANIC_ROCK_VOUCHER_9750;SEASHELLS;188.0;1
25000;Paris;Charlie;RAINFOREST_RESIN;SEASHELLS;10001.0;1
25100;Paris;Caesar;CROISSANTS;SEASHELLS;4303.0;8
25100;Caesar;Paris;JAMS;SEASHELLS;6458.0;10
25100;Paris;Charlie;RAINFOREST_RESIN;SEASHELLS;10008.0;2
25100;Camilla;Caesar;VOLCANIC_ROCK_VOUCHER_10000;SEASHELLS;34.0;11
25100;Caesar;Caesar;VOLCANIC_ROCK_VOUCHER_10000;SEASHELLS;34.0;1
25100;Camilla;Caesar;VOLCANIC_ROCK_VOUCHER_10250;SEASHELLS;3.0;11
25100;Caesar;Caesar;VOLCANIC_ROCK_VOUCHER_10250;SEASHELLS;3.0;1
25100;Camilla;Caesar;VOLCANIC_ROCK_VOUCHER_9500;SEASHELLS;424.0;11
25100;Caesar;Caesar;VOLCANIC_ROCK_VOUCHER_9500;SEASHELLS;424.0;1
25100;Camilla;Caesar;VOLCANIC_ROCK_VOUCHER_9750;SEASHELLS;185.0;11
25100;Caesar;Caesar;VOLCANIC_ROCK_VOUCHER_9750;SEASHELLS;185.0;1
25200;Paris;Camilla;KELP;SEASHELLS;2038.0;1
25200;Paris;Camilla;SQUID_INK;SEASHELLS;1999.0;1
25300;Charlie;Paris;RAINFOREST_RESIN;SEASHELLS;9999.0;1
25400;Paris;Caesar;DJEMBES;SEASHELLS;13377.0;1
25400;Caesar;Camilla;JAMS;SEASHELLS;6458.0;3
25400;Charlie;Gary;KELP;SEASHELLS;2036.0;12
25400;Penelope;Caesar;KELP;SEASHELLS;2039.0;2
25400;Penelope;Charlie;KELP;SEASHELLS;2039.0;9
25400;Charlie;Gary;SQUID_INK;SEASHELLS;1999.0;12
25400;Penelope;Charlie;SQUID_INK;SEASHELLS;2002.0;11
25400;Caesar;Caesar;VOLCANIC_ROCK;SEASHELLS;9926.0;10
25500;Caesar;Paris;JAMS;SEASHELLS;6458.0;5
25500;Camilla;Paris;KELP;SEASHELLS;2037.0;2
25500;Pablo;Charlie;RAINFOREST_RESIN;SEASHELLS;10002.0;3
25500;Camilla;Paris;SQUID_INK;SEASHELLS;1995.0;2
25600;Paris;Camilla;KELP;SEASHELLS;2039.0;1
25600;Gina;Camilla;KELP;SEASHELLS;2038.0;5
25600;Paris;Camilla;SQUID_INK;SEASHELLS;1998.0;1
25600;Gina;Camilla;SQUID_INK;SEASHELLS;1997.0;5
25600;Camilla;Pablo;VOLCANIC_ROCK_VOUCHER_10000;SEASHELLS;33.0;9
25600;Camilla;Pablo;VOLCANIC_ROCK_VOUCHER_10250;SEASHELLS;3.0;9
25600;Camilla;Pablo;VOLCANIC_ROCK_VOUCHER_10500;SEASHELLS;0.0;9
25600;Camilla;Pablo;VOLCANIC_ROCK_VOUCHER_9500;SEASHELLS;426.0;9
25600;Camilla;Pablo;VOLCANIC_ROCK_VOUCHER_9750;SEASHELLS;186.0;9
25700;Caesar;Camilla;CROISSANTS;SEASHELLS;4303.0;8
25700;Paris;Charlie;SQUID_INK;SEASHELLS;2002.0;1
25800;Camilla;Caesar;VOLCANIC_ROCK_VOUCHER_10000;SEASHELLS;34.0;12
25800;Camilla;Caesar;VOLCANIC_ROCK_VOUCHER_10250;SEASHELLS;3.0;12
25800;Camilla;Caesar;VOLCANIC_ROCK_VOUCHER_9500;SEASHELLS;426.0;12
25800;Camilla;Caesar;VOLCANIC_ROCK_VOUCHER_9750;SEASHELLS;190.0;12
25900;Paris;Caesar;DJEMBES;SEASHELLS;13378.0;5
26100;Paris;Charlie;KELP;SEASHELLS;2040.0;2
26100;Paris;Charlie;SQUID_INK;SEASHELLS;2005.0;2
26200;Caesar;Camilla;CROISSANTS;SEASHELLS;4302.0;9
26200;Pablo;Charlie;RAINFOREST_RESIN;SEASHELLS;10008.0;6
26400;Caesar;Pablo;VOLCANIC_ROCK;SEASHELLS;9922.0;1
26500;Caesar;Camilla;CROISSANTS;SEASHELLS;4302.0;10
26500;Gary;Charlie;RAINFOREST_RESIN;SEASHELLS;10008.0;10
26600;Paris;Caesar;JAMS;SEASHELLS;6458.0;8
26700;Charlie;Penelope;KELP;SEASHELLS;2036.0;15
26700;Charlie;Paris;KELP;SEASHELLS;2036.0;2
26700;Charlie;Penelope;SQUID_INK;SEASHELLS;1993.0;15
26700;Charlie;Paris;SQUID_INK;SEASHELLS;1993.0;2
26700;Caesar;Caesar;VOLCANIC_ROCK;SEASHELLS;9922.0;8
26900;Gary;Charlie;KELP;SEASHELLS;2040.0;10
26900;Penelope;Caesar;PICNIC_BASKET1;SEASHELLS;58412.0;1
26900;Penelope;Caesar;PICNIC_BASKET2;SEASHELLS;30210.0;1
26900;Gary;Charlie;SQUID_INK;SEASHELLS;2001.0;10
27000;Paris;Charlie;MAGNIFICENT_MACARONS;SEASHELLS;757.0;6
27100;Charlie;Paris;KELP;SEASHELLS;2036.0;1
27100;Charlie;Gary;KELP;SEASHELLS;2036.0;8
27100;Charlie;Paris;SQUID_INK;SEASHELLS;2000.0;1
27100;Charlie;Gary;SQUID_INK;SEASHELLS;2000.0;8
27100;Camilla;Caesar;VOLCANIC_ROCK_VOUCHER_10000;SEASHELLS;33.0;13
27100;Camilla;Caesar;VOLCANIC_ROCK_VOUCHER_10250;SEASHELLS;2.0;13
27100;Camilla;Caesar;VOLCANIC_ROCK_VOUCHER_9500;SEASHELLS;418.0;13
27200;Charlie;Paris;KELP;SEASHELLS;2036.0;1
27200;Charlie;Gary;RAINFOREST_RESIN;SEASHELLS;9992.0;8
27200;Charlie;Paris;SQUID_INK;SEASHELLS;1998.0;1
27300;Caesar;Paris;DJEMBES;SEASHELLS;13375.0;5
27300;Caesar;Caesar;VOLCANIC_ROCK;SEASHELLS;9914.0;10
27400;Caesar;Camilla;JAMS;SEASHELLS;6457.0;3
27500;Penelope;Charlie;RAINFOREST_RESIN;SEASHELLS;10008.0;4
27500;Caesar;Penelope;VOLCANIC_ROCK_VOUCHER_9500;SEASHELLS;413.0;2
27500;Camilla;Penelope;VOLCANIC_ROCK_VOUCHER_9750;SEASHELLS;176.0;12
27600;Caesar;Penelope;PICNIC_BASKET1;SEASHELLS;58402.0;2
27600;Camilla;Penelope;PICNIC_BASKET2;SEASHELLS;30207.0;7
27700;Paris;Charlie;KELP;SEASHELLS;2038.0;1
27700;Caesar;Paris;MAGNIFICENT_MACARONS;SEASHELLS;754.0;5
28000;Caesar;Paris;DJEMBES;SEASHELLS;13378.0;4
28000;Camilla;Pablo;KELP;SEASHELLS;2036.0;2
28000;Camilla;Pablo;SQUID_INK;SEASHELLS;1994.0;2
28000;Caesar;Caesar;VOLCANIC_ROCK;SEASHELLS;9910.0;6
28100;Caesar;Paris;JAMS;SEASHELLS;6457.0;10
28100;Camilla;Pablo;VOLCANIC_ROCK_VOUCHER_10000;SEASHELLS;31.0;7
28100;Camilla;Pablo;VOLCANIC_ROCK_VOUCHER_10250;SEASHELLS;2.0;7
28100;Caesar;Pablo;VOLCANIC_ROCK_VOUCHER_10500;SEASHELLS;1.0;7
28100;Camilla;Pablo;VOLCANIC_ROCK_VOUCHER_9500;SEASHELLS;411.0;7
28100;Camilla;Pablo;VOLCANIC_ROCK_VOUCHER_9750;SEASHELLS;175.0;7
28200;Caesar;Camilla;JAMS;SEASHELLS;6457.0;3
28200;Paris;Gary;RAINFOREST_RESIN;SEASHELLS;10001.0;1
28500;Paris;Caesar;CROISSANTS;SEASHELLS;4303.0;8
28600;Caesar;Caesar;VOLCANIC_ROCK;SEASHELLS;9907.0;6
28800;Camilla;Penelope;VOLCANIC_ROCK_VOUCHER_10000;SEASHELLS;28.0;12
28800;Camilla;Penelope;VOLCANIC_ROCK_VOUCHER_9500;SEASHELLS;409.0;12
28800;Camilla;Penelope;VOLCANIC_ROCK_VOUCHER_9750;SEASHELLS;174.0;12
29000;Caesar;Paris;MAGNIFICENT_MACARONS;SEASHELLS;747.0;5
29000;Charlie;Paris;MAGNIFICENT_MACARONS;SEASHELLS;747.0;1
29100;Pablo;Caesar;PICNIC_BASKET1;SEASHELLS;58397.0;2
29200;Paris;Camilla;KELP;SEASHELLS;2038.0;1
29200;Paris;Camilla;KELP;SEASHELLS;2038.0;1
29200;Paris;Camilla;SQUID_INK;SEASHELLS;1998.0;1
29200;Paris;Camilla;SQUID_INK;SEASHELLS;1998.0;1
29300;Paris;Charlie;RAINFOREST_RESIN;SEASHELLS;10001.0;1
29400;Caesar;Paris;CROISSANTS;SEASHELLS;4299.0;7
29400;Paris;Camilla;KELP;SEASHELLS;2038.0;1
29400;Paris;Camilla;SQUID_INK;SEASHELLS;1996.0;1
29500;Paris;Caesar;CROISSANTS;SEASHELLS;4300.0;8
29800;Caesar;Paris;CROISSANTS;SEASHELLS;4299.0;6
29900;Pablo;Paris;KELP;SEASHELLS;2038.0;1
29900;Pablo;Charlie;KELP;SEASHELLS;2038.0;4
29900;Pablo;Paris;SQUID_INK;SEASHELLS;1994.0;1
30200;Charlie;Paris;RAINFOREST_RESIN;SEASHELLS;9992.0;1
30300;Caesar;Paris;JAMS;SEASHELLS;6456.0;5
30600;Caesar;Paris;CROISSANTS;SEASHELLS;4299.0;7
30600;Pablo;Paris;KELP;SEASHELLS;2037.0;2
30600;Charlie;Pablo;RAINFOREST_RESIN;SEASHELLS;9998.0;4
30600;Pablo;Paris;SQUID_INK;SEASHELLS;2002.0;2
30800;Penelope;Camilla;VOLCANIC_ROCK_VOUCHER_9500;SEASHELLS;406.0;13
30800;Penelope;Camilla;VOLCANIC_ROCK_VOUCHER_9750;SEASHELLS;171.0;13
30900;Paris;Charlie;KELP;SEASHELLS;2039.0;2
30900;Caesar;Penelope;PICNIC_BASKET1;SEASHELLS;58402.0;1
30900;Camilla;Penelope;PICNIC_BASKET2;SEASHELLS;30195.0;8
30900;Penelope;Charlie;RAINFOREST_RESIN;SEASHELLS;10008.0;4
30900;Paris;Charlie;SQUID_INK;SEASHELLS;2004.0;2
31000;Caesar;Paris;CROISSANTS;SEASHELLS;4301.0;7
31000;Paris;Caesar;DJEMBES;SEASHELLS;13381.0;1
31000;Camilla;Caesar;VOLCANIC_ROCK_VOUCHER_10000;SEASHELLS;28.0;11
31000;Camilla;Caesar;VOLCANIC_ROCK_VOUCHER_10250;SEASHELLS;2.0;11
31000;Camilla;Caesar;VOLCANIC_ROCK_VOUCHER_9500;SEASHELLS;403.0;11
31000;Camilla;Caesar;VOLCANIC_ROCK_VOUCHER_9750;SEASHELLS;170.0;11
31300;Caesar;Paris;KELP;SEASHELLS;2036.0;1
31300;Paris;Charlie;KELP;SEASHELLS;2039.0;2
31300;Caesar;Paris;SQUID_INK;SEASHELLS;2000.0;1
31300;Paris;Charlie;SQUID_INK;SEASHELLS;2003.0;2
31400;Caesar;Caesar;VOLCANIC_ROCK;SEASHELLS;9902.0;8
31500;Paris;Caesar;CROISSANTS;SEASHELLS;4303.0;5
31600;Paris;Caesar;CROISSANTS;SEASHELLS;4303.0;6
31600;Caesar;Pablo;VOLCANIC_ROCK;SEASHELLS;9899.0;1
31700;Paris;Caesar;CROISSANTS;SEASHELLS;4303.0;7
31700;Paris;Charlie;KELP;SEASHELLS;2038.0;2
31700;Paris;Charlie;SQUID_INK;SEASHELLS;2002.0;2
31800;Caesar;Pablo;VOLCANIC_ROCK;SEASHELLS;9901.0;2
31900;Penelope;Caesar;PICNIC_BASKET1;SEASHELLS;58419.0;1
31900;Penelope;Caesar;PICNIC_BASKET2;SEASHELLS;30212.0;1
32000;Paris;Charlie;KELP;SEASHELLS;2037.0;1
32000;Paris;Charlie;SQUID_INK;SEASHELLS;2000.0;1
32100;Caesar;Camilla;CROISSANTS;SEASHELLS;4302.0;5
32100;Paris;Caesar;JAMS;SEASHELLS;6459.0;6
32100;Caesar;Caesar;VOLCANIC_ROCK;SEASHELLS;9901.0;5
32100;Camilla;Caesar;VOLCANIC_ROCK_VOUCHER_10000;SEASHELLS;28.0;14
32100;Caesar;Caesar;VOLCANIC_ROCK_VOUCHER_10000;SEASHELLS;28.0;1
32100;Camilla;Caesar;VOLCANIC_ROCK_VOUCHER_10250;SEASHELLS;2.0;14
32100;Caesar;Caesar;VOLCANIC_ROCK_VOUCHER_10250;SEASHELLS;2.0;1
32100;Camilla;Caesar;VOLCANIC_ROCK_VOUCHER_9500;SEASHELLS;402.0;14
32100;Caesar;Caesar;VOLCANIC_ROCK_VOUCHER_9500;SEASHELLS;402.0;1
32100;Camilla;Caesar;VOLCANIC_ROCK_VOUCHER_9750;SEASHELLS;167.0;14
32100;Caesar;Caesar;VOLCANIC_ROCK_VOUCHER_9750;SEASHELLS;167.0;1
32200;Charlie;Pablo;KELP;SEASHELLS;2035.0;3
32200;Charlie;Pablo;SQUID_INK;SEASHELLS;1993.0;3
32500;Paris;Charlie;KELP;SEASHELLS;2038.0;1
32500;Paris;Charlie;SQUID_INK;SEASHELLS;1994.0;1
32700;Caesar;Paris;CROISSANTS;SEASHELLS;4300.0;5
32900;Gary;Charlie;KELP;SEASHELLS;2038.0;15
32900;Charlie;Paris;RAINFOREST_RESIN;SEASHELLS;9999.0;1
32900;Gary;Charlie;SQUID_INK;SEASHELLS;1989.0;15
32900;Caesar;Pablo;VOLCANIC_ROCK;SEASHELLS;9899.0;3
33000;Charlie;Pablo;KELP;SEASHELLS;2035.0;4
33100;Paris;Caesar;JAMS;SEASHELLS;6459.0;10
33100;Camilla;Paris;KELP;SEASHELLS;2035.0;1
33100;Camilla;Paris;SQUID_INK;SEASHELLS;1985.0;1
33300;Caesar;Caesar;VOLCANIC_ROCK;SEASHELLS;9902.0;10
33400;Paris;Paris;KELP;SEASHELLS;2037.0;1
33400;Paris;Paris;SQUID_INK;SEASHELLS;1989.0;1
33500;Paris;Caesar;DJEMBES;SEASHELLS;13382.0;2
33500;Camilla;Pablo;VOLCANIC_ROCK_VOUCHER_10000;SEASHELLS;28.0;6
33500;Camilla;Pablo;VOLCANIC_ROCK_VOUCHER_10250;SEASHELLS;2.0;6
33500;Camilla;Pablo;VOLCANIC_ROCK_VOUCHER_10500;SEASHELLS;0.0;6
33500;Camilla;Pablo;VOLCANIC_ROCK_VOUCHER_9500;SEASHELLS;402.0;6
33500;Camilla;Pablo;VOLCANIC_ROCK_VOUCHER_9750;SEASHELLS;168.0;6
33700;Paris;Paris;KELP;SEASHELLS;2037.0;1
33700;Paris;Paris;SQUID_INK;SEASHELLS;1988.0;1
33800;Paris;Charlie;KELP;SEASHELLS;2039.0;2
33800;Paris;Charlie;SQUID_INK;SEASHELLS;1988.0;2
33900;Caesar;Paris;JAMS;SEASHELLS;6457.0;4
33900;Caesar;Caesar;VOLCANIC_ROCK;SEASHELLS;9896.0;10
33900;Penelope;Camilla;VOLCANIC_ROCK_VOUCHER_10000;SEASHELLS;26.0;11
33900;Penelope;Caesar;VOLCANIC_ROCK_VOUCHER_10000;SEASHELLS;26.0;2
33900;Penelope;Camilla;VOLCANIC_ROCK_VOUCHER_9500;SEASHELLS;398.0;11
33900;Penelope;Caesar;VOLCANIC_ROCK_VOUCHER_9500;SEASHELLS;398.0;2
33900;Penelope;Camilla;VOLCANIC_ROCK_VOUCHER_9750;SEASHELLS;165.0;11
33900;Penelope;Caesar;VOLCANIC_ROCK_VOUCHER_9750;SEASHELLS;165.0;2
34000;Caesar;Camilla;JAMS;SEASHELLS;6458.0;7
34000;Charlie;Paris;KELP;SEASHELLS;2035.0;1
34000;Charlie;Paris;SQUID_INK;SEASHELLS;1986.0;1
34100;Caesar;Camilla;JAMS;SEASHELLS;6458.0;6
34200;Camilla;Caesar;VOLCANIC_ROCK_VOUCHER_10000;SEASHELLS;28.0;12
34200;Caesar;Caesar;VOLCANIC_ROCK_VOUCHER_10000;SEASHELLS;28.0;2
34200;Camilla;Caesar;VOLCANIC_ROCK_VOUCHER_10250;SEASHELLS;2.0;12
34200;Caesar;Caesar;VOLCANIC_ROCK_VOUCHER_10250;SEASHELLS;2.0;2
34200;Camilla;Caesar;VOLCANIC_ROCK_VOUCHER_9500;SEASHELLS;399.0;12
34200;Caesar;Caesar;VOLCANIC_ROCK_VOUCHER_9500;SEASHELLS;399.0;2
34200;Camilla;Caesar;VOLCANIC_ROCK_VOUCHER_9750;SEASHELLS;165.0;12
34200;Caesar;Caesar;VOLCANIC_ROCK_VOUCHER_9750;SEASHELLS;165.0;2
34300;Charlie;Paris;KELP;SEASHELLS;2035.0;1
34300;Charlie;Paris;SQUID_INK;SEASHELLS;1987.0;1
34500;Caesar;Paris;DJEMBES;SEASHELLS;13379.0;4
34600;Caesar;Paris;CROISSANTS;SEASHELLS;4299.0;8
34600;Caesar;Camilla;JAMS;SEASHELLS;6457.0;4
34700;Charlie;Paris;KELP;SEASHELLS;2035.0;1
34800;Pablo;Charlie;KELP;SEASHELLS;2037.0;4
34800;Charlie;Paris;RAINFOREST_RESIN;SEASHELLS;9992.0;2
34900;Caesar;Paris;JAMS;SEASHELLS;6456.0;5
34900;Caesar;Paris;MAGNIFICENT_MACARONS;SEASHELLS;754.0;5
34900;Charlie;Paris;MAGNIFICENT_MACARONS;SEASHELLS;754.0;1
34900;Pablo;Caesar;PICNIC_BASKET1;SEASHELLS;58397.0;2
34900;Pablo;Caesar;PICNIC_BASKET2;SEASHELLS;30197.0;2
35100;Caesar;Camilla;DJEMBES;SEASHELLS;13378.0;4
35200;Caesar;Paris;CROISSANTS;SEASHELLS;4300.0;5
35200;Caesar;Paris;JAMS;SEASHELLS;6455.0;8
35500;Paris;Caesar;CROISSANTS;SEASHELLS;4302.0;7
35600;Caesar;Paris;DJEMBES;SEASHELLS;13377.0;3
35600;Paris;Caesar;JAMS;SEASHELLS;6457.0;8
35600;Charlie;Paris;KELP;SEASHELLS;2035.0;1
35600;Paris;Charlie;KELP;SEASHELLS;2038.0;2
35600;Charlie;Paris;SQUID_INK;SEASHELLS;2001.0;1
35600;Paris;Charlie;SQUID_INK;SEASHELLS;2004.0;2
35700;Paris;Caesar;CROISSANTS;SEASHELLS;4302.0;6
35700;Penelope;Camilla;VOLCANIC_ROCK_VOUCHER_9500;SEASHELLS;406.0;13
35700;Penelope;Camilla;VOLCANIC_ROCK_VOUCHER_9750;SEASHELLS;170.0;13
35800;Pablo;Pablo;RAINFOREST_RESIN;SEASHELLS;9998.0;5
35900;Caesar;Paris;DJEMBES;SEASHELLS;13377.0;3
36000;Penelope;Charlie;RAINFOREST_RESIN;SEASHELLS;10008.0;8
36100;Caesar;Camilla;CROISSANTS;SEASHELLS;4303.0;4
36400;Camilla;Penelope;PICNIC_BASKET1;SEASHELLS;58428.0;8
36400;Charlie;Penelope;PICNIC_BASKET2;SEASHELLS;30203.0;8
36400;Paris;Charlie;RAINFOREST_RESIN;SEASHELLS;10001.0;1
36500;Camilla;Caesar;VOLCANIC_ROCK_VOUCHER_10000;SEASHELLS;33.0;11
36500;Caesar;Caesar;VOLCANIC_ROCK_VOUCHER_10000;SEASHELLS;33.0;1
36500;Camilla;Caesar;VOLCANIC_ROCK_VOUCHER_10250;SEASHELLS;2.0;11
36500;Caesar;Caesar;VOLCANIC_ROCK_VOUCHER_10250;SEASHELLS;2.0;1
36500;Camilla;Caesar;VOLCANIC_ROCK_VOUCHER_9500;SEASHELLS;412.0;11
36500;Caesar;Caesar;VOLCANIC_ROCK_VOUCHER_9500;SEASHELLS;412.0;1
36500;Camilla;Caesar;VOLCANIC_ROCK_VOUCHER_9750;SEASHELLS;176.0;11
36500;Caesar;Caesar;VOLCANIC_ROCK_VOUCHER_9750;SEASHELLS;176.0;1
36600;Charlie;Paris;KELP;SEASHELLS;2035.0;1
36600;Charlie;Paris;SQUID_INK;SEASHELLS;1997.0;1
36800;Charlie;Paris;RAINFOREST_RESIN;SEASHELLS;9992.0;2
36900;Caesar;Caesar;VOLCANIC_ROCK;SEASHELLS;9917.0;8
37000;Paris;Charlie;RAINFOREST_RESIN;SEASHELLS;10008.0;2
37000;Paris;Charlie;RAINFOREST_RESIN;SEASHELLS;10001.0;1
37100;Caesar;Paris;CROISSANTS;SEASHELLS;4303.0;8
37100;Caesar;Camilla;DJEMBES;SEASHELLS;13378.0;11
37100;Camilla;Paris;KELP;SEASHELLS;2034.0;1
37100;Caesar;Penelope;PICNIC_BASKET1;SEASHELLS;58431.0;1
37100;Caesar;Penelope;PICNIC_BASKET2;SEASHELLS;30201.0;1
37100;Camilla;Paris;SQUID_INK;SEASHELLS;2001.0;1
37300;Camilla;Caesar;PICNIC_BASKET1;SEASHELLS;58432.0;1
37400;Paris;Caesar;DJEMBES;SEASHELLS;13375.0;2
37500;Caesar;Paris;CROISSANTS;SEASHELLS;4302.0;6
37500;Caesar;Caesar;VOLCANIC_ROCK;SEASHELLS;9916.0;8
37600;Charlie;Paris;KELP;SEASHELLS;2034.0;2
37600;Charlie;Paris;SQUID_INK;SEASHELLS;2005.0;2
37800;Camilla;Paris;KELP;SEASHELLS;2034.0;1
37800;Camilla;Paris;SQUID_INK;SEASHELLS;2007.0;1
37800;Caesar;Caesar;VOLCANIC_ROCK;SEASHELLS;9918.0;7
38000;Charlie;Paris;KELP;SEASHELLS;2034.0;1
38000;Charlie;Caesar;KELP;SEASHELLS;2035.0;6
38000;Charlie;Paris;SQUID_INK;SEASHELLS;2001.0;1
38000;Charlie;Caesar;SQUID_INK;SEASHELLS;2002.0;6
38100;Paris;Caesar;DJEMBES;SEASHELLS;13377.0;2
38100;Charlie;Penelope;KELP;SEASHELLS;2034.0;8
38100;Charlie;Penelope;SQUID_INK;SEASHELLS;2000.0;8
38300;Camilla;Penelope;RAINFOREST_RESIN;SEASHELLS;9997.0;3
38300;Charlie;Penelope;RAINFOREST_RESIN;SEASHELLS;9997.0;3
38400;Caesar;Camilla;SQUID_INK;SEASHELLS;2003.0;2
38500;Pablo;Camilla;KELP;SEASHELLS;2036.0;2
38500;Caesar;Pablo;PICNIC_BASKET1;SEASHELLS;58455.0;1
38500;Camilla;Pablo;PICNIC_BASKET1;SEASHELLS;58455.0;7
38500;Camilla;Pablo;PICNIC_BASKET2;SEASHELLS;30201.0;8
38500;Caesar;Peter;VOLCANIC_ROCK;SEASHELLS;9924.0;5
38700;Paris;Caesar;DJEMBES;SEASHELLS;13376.0;4
38700;Charlie;Gina;KELP;SEASHELLS;2034.0;10
38700;Charlie;Gina;SQUID_INK;SEASHELLS;2001.0;10
38800;Caesar;Pablo;RAINFOREST_RESIN;SEASHELLS;9998.0;5
39000;Caesar;Paris;JAMS;SEASHELLS;6459.0;5
39000;Charlie;Paris;KELP;SEASHELLS;2035.0;2
39000;Charlie;Paris;SQUID_INK;SEASHELLS;2001.0;2
39100;Paris;Camilla;KELP;SEASHELLS;2037.0;2
39100;Paris;Camilla;SQUID_INK;SEASHELLS;2002.0;2
39200;Caesar;Pablo;PICNIC_BASKET1;SEASHELLS;58449.0;1
39200;Camilla;Pablo;PICNIC_BASKET1;SEASHELLS;58448.0;3
39200;Caesar;Pablo;PICNIC_BASKET2;SEASHELLS;30197.0;1
39500;Charlie;Caesar;KELP;SEASHELLS;2036.0;4
39600;Paris;Caesar;DJEMBES;SEASHELLS;13377.0;2
39600;Charlie;Paris;KELP;SEASHELLS;2035.0;1
39600;Charlie;Paris;SQUID_INK;SEASHELLS;2002.0;1
39700;Paris;Charlie;KELP;SEASHELLS;2037.0;1
39700;Paris;Charlie;SQUID_INK;SEASHELLS;2005.0;1
39700;Camilla;Caesar;VOLCANIC_ROCK_VOUCHER_10000;SEASHELLS;36.0;18
39700;Camilla;Caesar;VOLCANIC_ROCK_VOUCHER_10250;SEASHELLS;3.0;18
39700;Camilla;Caesar;VOLCANIC_ROCK_VOUCHER_9500;SEASHELLS;429.0;18
39700;Camilla;Caesar;VOLCANIC_ROCK_VOUCHER_9750;SEASHELLS;191.0;18
39800;Caesar;Peter;VOLCANIC_ROCK;SEASHELLS;9929.0;9
39900;Paris;Caesar;JAMS;SEASHELLS;6460.0;8
40000;Paris;Caesar;DJEMBES;SEASHELLS;13375.0;4
40300;Caesar;Paris;DJEMBES;SEASHELLS;13373.0;4
40300;Charlie;Pablo;KELP;SEASHELLS;2035.0;5
40300;Paris;Caesar;KELP;SEASHELLS;2036.0;1
40300;Caesar;Pablo;PICNIC_BASKET1;SEASHELLS;58419.0;2
40300;Camilla;Pablo;PICNIC_BASKET1;SEASHELLS;58418.0;1
40300;Camilla;Pablo;PICNIC_BASKET2;SEASHELLS;30182.0;3
40300;Paris;Pablo;SQUID_INK;SEASHELLS;2004.0;1
40400;Pablo;Caesar;PICNIC_BASKET2;SEASHELLS;30189.0;2
40500;Charlie;Paris;RAINFOREST_RESIN;SEASHELLS;9992.0;1
40600;Caesar;Paris;DJEMBES;SEASHELLS;13374.0;5
40700;Paris;Charlie;KELP;SEASHELLS;2037.0;1
40700;Paris;Charlie;SQUID_INK;SEASHELLS;2006.0;1
40800;Caesar;Paris;JAMS;SEASHELLS;6459.0;4
40800;Camilla;Caesar;VOLCANIC_ROCK_VOUCHER_10000;SEASHELLS;36.0;10
40800;Camilla;Caesar;VOLCANIC_ROCK_VOUCHER_10250;SEASHELLS;3.0;10
40800;Camilla;Caesar;VOLCANIC_ROCK_VOUCHER_9500;SEASHELLS;429.0;10
40800;Camilla;Caesar;VOLCANIC_ROCK_VOUCHER_9750;SEASHELLS;192.0;10
40900;Penelope;Caesar;KELP;SEASHELLS;2038.0;2
40900;Penelope;Charlie;SQUID_INK;SEASHELLS;2006.0;6
41000;Charlie;Paris;RAINFOREST_RESIN;SEASHELLS;9992.0;2
41300;Paris;Caesar;DJEMBES;SEASHELLS;13374.0;4
41300;Camilla;Penelope;VOLCANIC_ROCK_VOUCHER_9500;SEASHELLS;429.0;10
41300;Camilla;Penelope;VOLCANIC_ROCK_VOUCHER_9750;SEASHELLS;193.0;10
41400;Caesar;Paris;KELP;SEASHELLS;2036.0;1
41400;Charlie;Paris;RAINFOREST_RESIN;SEASHELLS;9992.0;2
41400;Caesar;Paris;SQUID_INK;SEASHELLS;2007.0;1
41500;Pablo;Charlie;RAINFOREST_RESIN;SEASHELLS;10008.0;6
41600;Paris;Caesar;CROISSANTS;SEASHELLS;4301.0;5
41900;Pablo;Camilla;PICNIC_BASKET1;SEASHELLS;58448.0;3
41900;Pablo;Camilla;PICNIC_BASKET2;SEASHELLS;30169.0;3
42200;Caesar;Paris;JAMS;SEASHELLS;6461.0;7
42300;Paris;Caesar;CROISSANTS;SEASHELLS;4300.0;7
42400;Charlie;Gina;SQUID_INK;SEASHELLS;2014.0;9
42500;Pablo;Camilla;KELP;SEASHELLS;2037.0;3
42500;Pablo;Camilla;SQUID_INK;SEASHELLS;2022.0;3
42600;Paris;Paris;KELP;SEASHELLS;2037.0;1
42600;Paris;Paris;SQUID_INK;SEASHELLS;2019.0;1
42700;Paris;Caesar;JAMS;SEASHELLS;6463.0;4
43000;Charlie;Caesar;KELP;SEASHELLS;2036.0;2
43100;Camilla;Paris;KELP;SEASHELLS;2035.0;1
43100;Camilla;Paris;SQUID_INK;SEASHELLS;2019.0;1
43400;Caesar;Paris;JAMS;SEASHELLS;6461.0;5
43500;Caesar;Paris;JAMS;SEASHELLS;6461.0;4
43600;Paris;Caesar;CROISSANTS;SEASHELLS;4300.0;8
43600;Caesar;Paris;MAGNIFICENT_MACARONS;SEASHELLS;714.0;4
43700;Charlie;Pablo;KELP;SEASHELLS;2035.0;3
43700;Paris;Charlie;KELP;SEASHELLS;2038.0;2
43700;Paris;Pablo;SQUID_INK;SEASHELLS;2033.0;2
43700;Charlie;Pablo;SQUID_INK;SEASHELLS;2033.0;1
43800;Caesar;Penelope;PICNIC_BASKET1;SEASHELLS;58437.0;2
43800;Caesar;Penelope;PICNIC_BASKET2;SEASHELLS;30178.0;2
44000;Charlie;Paris;RAINFOREST_RESIN;SEASHELLS;9992.0;2
44000;Charlie;Pablo;RAINFOREST_RESIN;SEASHELLS;9998.0;4
44100;Paris;Caesar;DJEMBES;SEASHELLS;13367.0;4
44100;Caesar;Camilla;JAMS;SEASHELLS;6462.0;6
44400;Penelope;Charlie;RAINFOREST_RESIN;SEASHELLS;10008.0;4
44600;Paris;Caesar;DJEMBES;SEASHELLS;13369.0;3
44700;Paris;Caesar;DJEMBES;SEASHELLS;13369.0;1
44700;Caesar;Camilla;JAMS;SEASHELLS;6462.0;11
44700;Charlie;Paris;KELP;SEASHELLS;2035.0;1
44700;Caesar;Paris;SQUID_INK;SEASHELLS;2038.0;1
44800;Charlie;Pablo;PICNIC_BASKET2;SEASHELLS;30182.0;2
44800;Caesar;Caesar;VOLCANIC_ROCK;SEASHELLS;9938.0;5
44900;Paris;Caesar;DJEMBES;SEASHELLS;13369.0;1
44900;Camilla;Caesar;VOLCANIC_ROCK_VOUCHER_10000;SEASHELLS;40.0;17
44900;Camilla;Caesar;VOLCANIC_ROCK_VOUCHER_10250;SEASHELLS;3.0;17
44900;Camilla;Caesar;VOLCANIC_ROCK_VOUCHER_9500;SEASHELLS;440.0;17
44900;Camilla;Caesar;VOLCANIC_ROCK_VOUCHER_9750;SEASHELLS;198.0;17
45100;Penelope;Charlie;KELP;SEASHELLS;2038.0;15
45100;Penelope;Charlie;SQUID_INK;SEASHELLS;2048.0;15
45200;Caesar;Caesar;VOLCANIC_ROCK;SEASHELLS;9945.0;10
45400;Camilla;Caesar;VOLCANIC_ROCK_VOUCHER_10000;SEASHELLS;43.0;16
45400;Camilla;Caesar;VOLCANIC_ROCK_VOUCHER_10250;SEASHELLS;3.0;16
45400;Camilla;Caesar;VOLCANIC_ROCK_VOUCHER_9500;SEASHELLS;449.0;16
45400;Camilla;Caesar;VOLCANIC_ROCK_VOUCHER_9750;SEASHELLS;209.0;16
45500;Caesar;Paris;DJEMBES;SEASHELLS;13364.0;1
45600;Caesar;Paris;KELP;SEASHELLS;2035.0;1
45600;Charlie;Paris;SQUID_INK;SEASHELLS;2043.0;1
45700;Penelope;Camilla;VOLCANIC_ROCK_VOUCHER_9500;SEASHELLS;446.0;14
45700;Penelope;Camilla;VOLCANIC_ROCK_VOUCHER_9750;SEASHELLS;205.0;14
46100;Gary;Charlie;KELP;SEASHELLS;2038.0;9
46100;Gary;Charlie;SQUID_INK;SEASHELLS;2037.0;9
46500;Caesar;Paris;JAMS;SEASHELLS;6460.0;9
46600;Paris;Caesar;CROISSANTS;SEASHELLS;4298.0;7
46600;Caesar;Camilla;JAMS;SEASHELLS;6461.0;12
46600;Caesar;Paris;JAMS;SEASHELLS;6461.0;9
46600;Paris;Charlie;RAINFOREST_RESIN;SEASHELLS;10008.0;2
46700;Paris;Caesar;CROISSANTS;SEASHELLS;4298.0;6
46900;Caesar;Paris;JAMS;SEASHELLS;6462.0;5
47000;Caesar;Camilla;DJEMBES;SEASHELLS;13366.0;4
47000;Charlie;Penelope;RAINFOREST_RESIN;SEASHELLS;9992.0;8
47100;Paris;Caesar;DJEMBES;SEASHELLS;13367.0;4
47100;Camilla;Paris;KELP;SEASHELLS;2035.0;1
47100;Camilla;Paris;SQUID_INK;SEASHELLS;2033.0;1
47200;Caesar;Camilla;DJEMBES;SEASHELLS;13366.0;7
47200;Caesar;Pablo;RAINFOREST_RESIN;SEASHELLS;9998.0;5
47300;Camilla;Pablo;VOLCANIC_ROCK_VOUCHER_10000;SEASHELLS;45.0;10
47300;Camilla;Pablo;VOLCANIC_ROCK_VOUCHER_10250;SEASHELLS;3.0;10
47300;Camilla;Pablo;VOLCANIC_ROCK_VOUCHER_10500;SEASHELLS;0.0;10
47300;Camilla;Pablo;VOLCANIC_ROCK_VOUCHER_9500;SEASHELLS;446.0;10
47300;Camilla;Pablo;VOLCANIC_ROCK_VOUCHER_9750;SEASHELLS;206.0;10
47500;Penelope;Caesar;PICNIC_BASKET1;SEASHELLS;58438.0;5
47500;Penelope;Caesar;PICNIC_BASKET2;SEASHELLS;30192.0;5
47700;Paris;Charlie;MAGNIFICENT_MACARONS;SEASHELLS;720.0;6
47800;Gina;Charlie;KELP;SEASHELLS;2037.0;10
47900;Charlie;Paris;KELP;SEASHELLS;2035.0;1
47900;Gary;Charlie;KELP;SEASHELLS;2038.0;9
47900;Charlie;Paris;SQUID_INK;SEASHELLS;2038.0;1
47900;Gary;Charlie;SQUID_INK;SEASHELLS;2042.0;9
47900;Caesar;Caesar;VOLCANIC_ROCK;SEASHELLS;9944.0;6
48000;Paris;Caesar;JAMS;SEASHELLS;6466.0;7
48200;Penelope;Charlie;RAINFOREST_RESIN;SEASHELLS;10008.0;4
48700;Caesar;Paris;DJEMBES;SEASHELLS;13367.0;1
48800;Caesar;Paris;DJEMBES;SEASHELLS;13367.0;5
49000;Paris;Caesar;CROISSANTS;SEASHELLS;4300.0;8
49100;Caesar;Camilla;CROISSANTS;SEASHELLS;4299.0;7
49100;Paris;Charlie;KELP;SEASHELLS;2037.0;1
49100;Paris;Charlie;SQUID_INK;SEASHELLS;2040.0;1
49200;Paris;Charlie;KELP;SEASHELLS;2037.0;1
49200;Paris;Charlie;SQUID_INK;SEASHELLS;2043.0;1
49400;Penelope;Charlie;KELP;SEASHELLS;2038.0;10
49400;Penelope;Charlie;SQUID_INK;SEASHELLS;2046.0;10
49400;Camilla;Caesar;VOLCANIC_ROCK_VOUCHER_10000;SEASHELLS;37.0;10
49400;Camilla;Caesar;VOLCANIC_ROCK_VOUCHER_10250;SEASHELLS;3.0;10
49400;Camilla;Caesar;VOLCANIC_ROCK_VOUCHER_9750;SEASHELLS;210.0;10
49800;Paris;Caesar;CROISSANTS;SEASHELLS;4300.0;7
49800;Penelope;Caesar;PICNIC_BASKET1;SEASHELLS;58447.0;1
49800;Penelope;Caesar;PICNIC_BASKET2;SEASHELLS;30221.0;1
49800;Camilla;Pablo;VOLCANIC_ROCK_VOUCHER_10000;SEASHELLS;46.0;14
49800;Camilla;Pablo;VOLCANIC_ROCK_VOUCHER_10250;SEASHELLS;3.0;14
49800;Camilla;Pablo;VOLCANIC_ROCK_VOUCHER_10500;SEASHELLS;0.0;14
49800;Camilla;Pablo;VOLCANIC_ROCK_VOUCHER_9500;SEASHELLS;451.0;14
49800;Camilla;Pablo;VOLCANIC_ROCK_VOUCHER_9750;SEASHELLS;212.0;14
49900;Penelope;Camilla;VOLCANIC_ROCK_VOUCHER_10000;SEASHELLS;46.0;10
49900;Penelope;Camilla;VOLCANIC_ROCK_VOUCHER_9500;SEASHELLS;451.0;10
49900;Penelope;Camilla;VOLCANIC_ROCK_VOUCHER_9750;SEASHELLS;210.0;10
50000;Paris;Charlie;RAINFOREST_RESIN;SEASHELLS;10008.0;2
50100;Caesar;Camilla;CROISSANTS;SEASHELLS;4298.0;9
50400;Paris;Caesar;DJEMBES;SEASHELLS;13370.0;2
50400;Charlie;Paris;KELP;SEASHELLS;2034.0;1
50400;Penelope;Charlie;KELP;SEASHELLS;2037.0;12
50400;Camilla;Camilla;MAGNIFICENT_MACARONS;SEASHELLS;720.0;3
50400;Charlie;Gary;RAINFOREST_RESIN;SEASHELLS;9992.0;10
50400;Charlie;Paris;SQUID_INK;SEASHELLS;2042.0;1
50400;Penelope;Charlie;SQUID_INK;SEASHELLS;2045.0;12
50500;Charlie;Penelope;KELP;SEASHELLS;2034.0;14
50500;Charlie;Penelope;SQUID_INK;SEASHELLS;2042.0;14
50700;Charlie;Penelope;RAINFOREST_RESIN;SEASHELLS;9992.0;4
50800;Paris;Caesar;DJEMBES;SEASHELLS;13368.0;3
50900;Camilla;Penelope;VOLCANIC_ROCK_VOUCHER_10000;SEASHELLS;41.0;17
50900;Camilla;Penelope;VOLCANIC_ROCK_VOUCHER_9500;SEASHELLS;450.0;17
50900;Camilla;Penelope;VOLCANIC_ROCK_VOUCHER_9750;SEASHELLS;208.0;17
51000;Paris;Caesar;CROISSANTS;SEASHELLS;4299.0;5
51000;Penelope;Charlie;KELP;SEASHELLS;2038.0;11
51000;Penelope;Charlie;SQUID_INK;SEASHELLS;2050.0;11
51000;Camilla;Caesar;VOLCANIC_ROCK_VOUCHER_10000;SEASHELLS;41.0;13
51000;Camilla;Caesar;VOLCANIC_ROCK_VOUCHER_10250;SEASHELLS;3.0;13
51000;Camilla;Caesar;VOLCANIC_ROCK_VOUCHER_9500;SEASHELLS;450.0;13
51000;Camilla;Caesar;VOLCANIC_ROCK_VOUCHER_9750;SEASHELLS;211.0;13
51100;Charlie;Olivia;SQUID_INK;SEASHELLS;2047.0;15
51200;Caesar;Paris;CROISSANTS;SEASHELLS;4298.0;5
51300;Penelope;Caesar;PICNIC_BASKET1;SEASHELLS;58432.0;1
51300;Penelope;Caesar;PICNIC_BASKET2;SEASHELLS;30209.0;1
51500;Charlie;Pablo;KELP;SEASHELLS;2035.0;5
51500;Charlie;Pablo;SQUID_INK;SEASHELLS;2041.0;5
51500;Caesar;Caesar;VOLCANIC_ROCK;SEASHELLS;9948.0;8
51600;Charlie;Penelope;RAINFOREST_RESIN;SEASHELLS;9992.0;5
51600;Caesar;Caesar;VOLCANIC_ROCK;SEASHELLS;9952.0;7
51600;Camilla;Caesar;VOLCANIC_ROCK_VOUCHER_10000;SEASHELLS;42.0;16
51600;Camilla;Caesar;VOLCANIC_ROCK_VOUCHER_10250;SEASHELLS;3.0;16
51600;Camilla;Caesar;VOLCANIC_ROCK_VOUCHER_9500;SEASHELLS;453.0;16
51600;Camilla;Caesar;VOLCANIC_ROCK_VOUCHER_9750;SEASHELLS;212.0;16
51800;Peter;Caesar;VOLCANIC_ROCK;SEASHELLS;9955.0;8
51900;Paris;Charlie;KELP;SEASHELLS;2036.0;1
51900;Paris;Charlie;SQUID_INK;SEASHELLS;2041.0;1
51900;Peter;Caesar;VOLCANIC_ROCK;SEASHELLS;9953.0;6
52000;Paris;Caesar;CROISSANTS;SEASHELLS;4298.0;5
52000;Charlie;Caesar;KELP;SEASHELLS;2035.0;4
52000;Camilla;Caesar;SQUID_INK;SEASHELLS;2033.0;1
52000;Charlie;Caesar;SQUID_INK;SEASHELLS;2033.0;3
52100;Paris;Charlie;KELP;SEASHELLS;2036.0;1
52100;Paris;Charlie;SQUID_INK;SEASHELLS;2030.0;1
52300;Caesar;Paris;DJEMBES;SEASHELLS;13367.0;2
52900;Caesar;Pablo;PICNIC_BASKET1;SEASHELLS;58383.0;2
52900;Camilla;Pablo;PICNIC_BASKET2;SEASHELLS;30191.0;2
53100;Paris;Camilla;KELP;SEASHELLS;2036.0;1
53100;Paris;Camilla;SQUID_INK;SEASHELLS;2030.0;1
53100;Pablo;Caesar;VOLCANIC_ROCK;SEASHELLS;9953.0;3
53300;Caesar;Camilla;CROISSANTS;SEASHELLS;4296.0;5
53300;Paris;Caesar;JAMS;SEASHELLS;6467.0;6
53900;Caesar;Paris;DJEMBES;SEASHELLS;13361.0;1
53900;Caesar;Caesar;VOLCANIC_ROCK;SEASHELLS;9949.0;9
54000;Paris;Caesar;DJEMBES;SEASHELLS;13361.0;5
54100;Penelope;Charlie;KELP;SEASHELLS;2038.0;11
54100;Penelope;Charlie;SQUID_INK;SEASHELLS;2028.0;11
54200;Charlie;Paris;SQUID_INK;SEASHELLS;2024.0;1
54300;Caesar;Gina;KELP;SEASHELLS;2035.0;1
54300;Charlie;Gina;SQUID_INK;SEASHELLS;2024.0;7
54400;Penelope;Caesar;PICNIC_BASKET1;SEASHELLS;58376.0;1
54400;Penelope;Caesar;PICNIC_BASKET2;SEASHELLS;30200.0;1
54500;Paris;Caesar;DJEMBES;SEASHELLS;13356.0;1
54900;Camilla;Paris;KELP;SEASHELLS;2035.0;2
54900;Camilla;Paris;SQUID_INK;SEASHELLS;2017.0;2
55100;Paris;Caesar;DJEMBES;SEASHELLS;13359.0;3
55300;Charlie;Paris;KELP;SEASHELLS;2035.0;1
55300;Charlie;Paris;SQUID_INK;SEASHELLS;2014.0;1
55400;Charlie;Paris;KELP;SEASHELLS;2035.0;1
55400;Charlie;Paris;SQUID_INK;SEASHELLS;2007.0;1
55400;Camilla;Pablo;VOLCANIC_ROCK_VOUCHER_10000;SEASHELLS;45.0;15
55400;Camilla;Pablo;VOLCANIC_ROCK_VOUCHER_10250;SEASHELLS;3.0;15
55400;Camilla;Pablo;VOLCANIC_ROCK_VOUCHER_10500;SEASHELLS;0.0;15
55400;Camilla;Pablo;VOLCANIC_ROCK_VOUCHER_9500;SEASHELLS;452.0;15
55400;Camilla;Pablo;VOLCANIC_ROCK_VOUCHER_9750;SEASHELLS;210.0;15
55500;Paris;Caesar;JAMS;SEASHELLS;6464.0;5
55500;Charlie;Gary;KELP;SEASHELLS;2035.0;14
55500;Charlie;Gary;SQUID_INK;SEASHELLS;2005.0;14
55500;Camilla;Caesar;VOLCANIC_ROCK_VOUCHER_10000;SEASHELLS;42.0;14
55500;Camilla;Caesar;VOLCANIC_ROCK_VOUCHER_10250;SEASHELLS;3.0;14
55500;Camilla;Caesar;VOLCANIC_ROCK_VOUCHER_9500;SEASHELLS;450.0;14
55500;Camilla;Caesar;VOLCANIC_ROCK_VOUCHER_9750;SEASHELLS;208.0;14
55800;Camilla;Penelope;RAINFOREST_RESIN;SEASHELLS;9997.0;3
55800;Charlie;Penelope;RAINFOREST_RESIN;SEASHELLS;9997.0;3
55900;Camilla;Penelope;KELP;SEASHELLS;2035.0;6
55900;Charlie;Penelope;KELP;SEASHELLS;2035.0;1
55900;Camilla;Penelope;SQUID_INK;SEASHELLS;2009.0;6
55900;Caesar;Penelope;SQUID_INK;SEASHELLS;2009.0;1
55900;Caesar;Caesar;VOLCANIC_ROCK;SEASHELLS;9947.0;10
56000;Camilla;Penelope;VOLCANIC_ROCK_VOUCHER_10000;SEASHELLS;42.0;10
56000;Camilla;Penelope;VOLCANIC_ROCK_VOUCHER_9500;SEASHELLS;449.0;10
56000;Camilla;Penelope;VOLCANIC_ROCK_VOUCHER_9750;SEASHELLS;209.0;10
56300;Caesar;Paris;DJEMBES;SEASHELLS;13363.0;3
56400;Charlie;Paris;KELP;SEASHELLS;2035.0;1
56400;Charlie;Paris;SQUID_INK;SEASHELLS;2008.0;1
56700;Caesar;Paris;DJEMBES;SEASHELLS;13357.0;2
56700;Caesar;Paris;JAMS;SEASHELLS;6462.0;9
56800;Penelope;Charlie;KELP;SEASHELLS;2038.0;9
56800;Penelope;Charlie;SQUID_INK;SEASHELLS;2011.0;9
56900;Caesar;Peter;VOLCANIC_ROCK;SEASHELLS;9945.0;6
57100;Gary;Charlie;KELP;SEASHELLS;2038.0;9
57100;Gary;Charlie;SQUID_INK;SEASHELLS;1996.0;9
57200;Paris;Caesar;DJEMBES;SEASHELLS;13356.0;1
57200;Charlie;Paris;RAINFOREST_RESIN;SEASHELLS;9992.0;1
57300;Caesar;Paris;DJEMBES;SEASHELLS;13354.0;4
57800;Caesar;Paris;JAMS;SEASHELLS;6460.0;4
57900;Caesar;Paris;DJEMBES;SEASHELLS;13354.0;3
57900;Caesar;Caesar;VOLCANIC_ROCK;SEASHELLS;9945.0;8
58100;Charlie;Paris;KELP;SEASHELLS;2035.0;1
58100;Charlie;Paris;SQUID_INK;SEASHELLS;1992.0;1
58200;Penelope;Charlie;KELP;SEASHELLS;2038.0;9
58200;Penelope;Charlie;SQUID_INK;SEASHELLS;1990.0;9
58400;Paris;Caesar;JAMS;SEASHELLS;6461.0;9
58400;Paris;Charlie;KELP;SEASHELLS;2038.0;1
58400;Paris;Charlie;SQUID_INK;SEASHELLS;1985.0;1
58500;Penelope;Charlie;RAINFOREST_RESIN;SEASHELLS;10008.0;5
58600;Charlie;Paris;KELP;SEASHELLS;2035.0;1
58600;Charlie;Paris;SQUID_INK;SEASHELLS;1986.0;1
58600;Caesar;Peter;VOLCANIC_ROCK;SEASHELLS;9937.0;9
58800;Caesar;Camilla;JAMS;SEASHELLS;6460.0;5
58900;Charlie;Paris;KELP;SEASHELLS;2035.0;1
58900;Charlie;Paris;SQUID_INK;SEASHELLS;1990.0;1
58900;Camilla;Caesar;VOLCANIC_ROCK_VOUCHER_10000;SEASHELLS;36.0;15
58900;Caesar;Caesar;VOLCANIC_ROCK_VOUCHER_10000;SEASHELLS;36.0;2
58900;Camilla;Caesar;VOLCANIC_ROCK_VOUCHER_10250;SEASHELLS;3.0;15
58900;Caesar;Caesar;VOLCANIC_ROCK_VOUCHER_10250;SEASHELLS;3.0;2
58900;Camilla;Caesar;VOLCANIC_ROCK_VOUCHER_9500;SEASHELLS;440.0;15
58900;Caesar;Caesar;VOLCANIC_ROCK_VOUCHER_9500;SEASHELLS;440.0;2
58900;Camilla;Caesar;VOLCANIC_ROCK_VOUCHER_9750;SEASHELLS;200.0;15
58900;Caesar;Caesar;VOLCANIC_ROCK_VOUCHER_9750;SEASHELLS;200.0;2
59100;Caesar;Caesar;VOLCANIC_ROCK;SEASHELLS;9939.0;8
59300;Charlie;Paris;KELP;SEASHELLS;2035.0;2
59300;Charlie;Paris;SQUID_INK;SEASHELLS;1994.0;2
59500;Charlie;Paris;KELP;SEASHELLS;2035.0;1
59500;Charlie;Paris;SQUID_INK;SEASHELLS;1995.0;1
59500;Camilla;Caesar;VOLCANIC_ROCK_VOUCHER_10000;SEASHELLS;40.0;13
59500;Camilla;Caesar;VOLCANIC_ROCK_VOUCHER_10250;SEASHELLS;3.0;13
59500;Camilla;Caesar;VOLCANIC_ROCK_VOUCHER_9500;SEASHELLS;438.0;13
59500;Camilla;Caesar;VOLCANIC_ROCK_VOUCHER_9750;SEASHELLS;199.0;13
59600;Paris;Caesar;CROISSANTS;SEASHELLS;4296.0;8
59700;Camilla;Pablo;KELP;SEASHELLS;2035.0;1
59700;Charlie;Pablo;KELP;SEASHELLS;2035.0;1
59700;Camilla;Pablo;SQUID_INK;SEASHELLS;1998.0;1
59700;Caesar;Pablo;SQUID_INK;SEASHELLS;1998.0;1
59800;Penelope;Charlie;RAINFOREST_RESIN;SEASHELLS;10008.0;4
59900;Caesar;Paris;DJEMBES;SEASHELLS;13356.0;3
60000;Caesar;Paris;CROISSANTS;SEASHELLS;4295.0;5
60000;Gary;Charlie;RAINFOREST_RESIN;SEASHELLS;10008.0;9
60300;Charlie;Paris;SQUID_INK;SEASHELLS;1997.0;1
60400;Paris;Caesar;DJEMBES;SEASHELLS;13360.0;2
60400;Caesar;Paris;JAMS;SEASHELLS;6459.0;6
60400;Paris;Gary;KELP;SEASHELLS;2038.0;1
60400;Paris;Gary;SQUID_INK;SEASHELLS;2000.0;1
60600;Paris;Caesar;CROISSANTS;SEASHELLS;4295.0;6
60600;Paris;Caesar;KELP;SEASHELLS;2038.0;1
60600;Paris;Caesar;SQUID_INK;SEASHELLS;2001.0;1
60700;Charlie;Paris;KELP;SEASHELLS;2035.0;2
60700;Caesar;Paris;SQUID_INK;SEASHELLS;2000.0;2
60800;Caesar;Paris;DJEMBES;SEASHELLS;13359.0;1
61000;Caesar;Paris;JAMS;SEASHELLS;6460.0;10
61000;Charlie;Paris;RAINFOREST_RESIN;SEASHELLS;9999.0;1
61100;Caesar;Camilla;CROISSANTS;SEASHELLS;4294.0;5
61100;Caesar;Paris;CROISSANTS;SEASHELLS;4294.0;7
61100;Camilla;Paris;KELP;SEASHELLS;2035.0;1
61100;Charlie;Paris;RAINFOREST_RESIN;SEASHELLS;9992.0;2
61100;Camilla;Paris;SQUID_INK;SEASHELLS;2001.0;1
61200;Paris;Caesar;KELP;SEASHELLS;2037.0;1
61200;Gary;Caesar;KELP;SEASHELLS;2036.0;1
61200;Gary;Penelope;KELP;SEASHELLS;2036.0;8
61200;Paris;Caesar;SQUID_INK;SEASHELLS;2003.0;1
61200;Gary;Caesar;SQUID_INK;SEASHELLS;2002.0;1
61200;Gary;Penelope;SQUID_INK;SEASHELLS;2002.0;8
61300;Caesar;Paris;JAMS;SEASHELLS;6459.0;10
61400;Caesar;Paris;DJEMBES;SEASHELLS;13359.0;4
61600;Paris;Camilla;KELP;SEASHELLS;2037.0;1
61600;Paris;Camilla;SQUID_INK;SEASHELLS;2005.0;1
61700;Penelope;Caesar;PICNIC_BASKET1;SEASHELLS;58337.0;1
61700;Penelope;Camilla;PICNIC_BASKET2;SEASHELLS;30159.0;8
61700;Gina;Camilla;RAINFOREST_RESIN;SEASHELLS;10003.0;6
61900;Caesar;Camilla;JAMS;SEASHELLS;6458.0;10
61900;Caesar;Paris;JAMS;SEASHELLS;6458.0;4
61900;Paris;Charlie;KELP;SEASHELLS;2038.0;2
61900;Paris;Charlie;SQUID_INK;SEASHELLS;2009.0;2
62000;Paris;Caesar;JAMS;SEASHELLS;6460.0;9
62100;Charlie;Pablo;KELP;SEASHELLS;2035.0;2
62100;Charlie;Paris;KELP;SEASHELLS;2035.0;1
62100;Charlie;Pablo;SQUID_INK;SEASHELLS;2007.0;2
62100;Charlie;Paris;SQUID_INK;SEASHELLS;2007.0;1
62200;Paris;Caesar;JAMS;SEASHELLS;6459.0;10
62200;Charlie;Paris;KELP;SEASHELLS;2035.0;2
62200;Charlie;Paris;SQUID_INK;SEASHELLS;2006.0;2
62200;Camilla;Pablo;VOLCANIC_ROCK_VOUCHER_10000;SEASHELLS;42.0;5
62200;Camilla;Pablo;VOLCANIC_ROCK_VOUCHER_10250;SEASHELLS;3.0;5
62200;Camilla;Pablo;VOLCANIC_ROCK_VOUCHER_10500;SEASHELLS;0.0;5
62200;Camilla;Pablo;VOLCANIC_ROCK_VOUCHER_9500;SEASHELLS;445.0;5
62200;Camilla;Pablo;VOLCANIC_ROCK_VOUCHER_9750;SEASHELLS;205.0;5
62300;Camilla;Paris;KELP;SEASHELLS;2035.0;1
62300;Camilla;Paris;SQUID_INK;SEASHELLS;2005.0;1
62400;Caesar;Paris;CROISSANTS;SEASHELLS;4293.0;6
62500;Paris;Caesar;CROISSANTS;SEASHELLS;4295.0;8
62500;Paris;Caesar;JAMS;SEASHELLS;6458.0;10
62500;Charlie;Paris;KELP;SEASHELLS;2035.0;2
62500;Charlie;Paris;SQUID_INK;SEASHELLS;2005.0;2
62700;Caesar;Paris;DJEMBES;SEASHELLS;13359.0;1
62700;Paris;Caesar;KELP;SEASHELLS;2036.0;1
62700;Paris;Caesar;SQUID_INK;SEASHELLS;2002.0;1
62800;Paris;Caesar;CROISSANTS;SEASHELLS;4295.0;7
63000;Camilla;Caesar;VOLCANIC_ROCK_VOUCHER_10000;SEASHELLS;38.0;19
63000;Camilla;Caesar;VOLCANIC_ROCK_VOUCHER_10250;SEASHELLS;3.0;19
63000;Camilla;Caesar;VOLCANIC_ROCK_VOUCHER_9500;SEASHELLS;439.0;19
63000;Camilla;Caesar;VOLCANIC_ROCK_VOUCHER_9750;SEASHELLS;200.0;19
63100;Camilla;Penelope;VOLCANIC_ROCK_VOUCHER_10000;SEASHELLS;38.0;14
63100;Camilla;Penelope;VOLCANIC_ROCK_VOUCHER_9500;SEASHELLS;437.0;14
63100;Camilla;Penelope;VOLCANIC_ROCK_VOUCHER_9750;SEASHELLS;197.0;14
63400;Caesar;Caesar;VOLCANIC_ROCK;SEASHELLS;9934.0;6
63500;Paris;Caesar;CROISSANTS;SEASHELLS;4296.0;5
63500;Camilla;Paris;KELP;SEASHELLS;2035.0;1
63500;Charlie;Caesar;KELP;SEASHELLS;2036.0;2
63500;Camilla;Paris;SQUID_INK;SEASHELLS;2008.0;1
63500;Camilla;Caesar;SQUID_INK;SEASHELLS;2009.0;2
63600;Caesar;Paris;DJEMBES;SEASHELLS;13362.0;2
63600;Camilla;Gina;KELP;SEASHELLS;2035.0;7
63600;Charlie;Gina;KELP;SEASHELLS;2035.0;1
63600;Camilla;Gina;SQUID_INK;SEASHELLS;2009.0;7
63700;Paris;Camilla;KELP;SEASHELLS;2037.0;1
63700;Gina;Charlie;RAINFOREST_RESIN;SEASHELLS;10003.0;9
63700;Paris;Camilla;SQUID_INK;SEASHELLS;2013.0;1
63800;Caesar;Paris;JAMS;SEASHELLS;6458.0;6
63800;Paris;Charlie;KELP;SEASHELLS;2038.0;1
63800;Charlie;Pablo;RAINFOREST_RESIN;SEASHELLS;9992.0;4
63800;Charlie;Pablo;RAINFOREST_RESIN;SEASHELLS;9998.0;5
63800;Paris;Charlie;SQUID_INK;SEASHELLS;2014.0;1
63900;Charlie;Paris;KELP;SEASHELLS;2034.0;1
63900;Charlie;Paris;SQUID_INK;SEASHELLS;2012.0;1
64500;Caesar;Camilla;JAMS;SEASHELLS;6458.0;4
64500;Penelope;Camilla;VOLCANIC_ROCK_VOUCHER_9500;SEASHELLS;435.0;13
64500;Penelope;Camilla;VOLCANIC_ROCK_VOUCHER_9750;SEASHELLS;196.0;13
64600;Caesar;Camilla;CROISSANTS;SEASHELLS;4295.0;6
64600;Penelope;Camilla;KELP;SEASHELLS;2037.0;4
64600;Penelope;Camilla;SQUID_INK;SEASHELLS;2021.0;4
64700;Caesar;Paris;CROISSANTS;SEASHELLS;4295.0;8
64800;Paris;Caesar;DJEMBES;SEASHELLS;13364.0;1
64800;Caesar;Paris;JAMS;SEASHELLS;6457.0;8
64800;Charlie;Pablo;KELP;SEASHELLS;2035.0;4
64800;Gary;Charlie;RAINFOREST_RESIN;SEASHELLS;10008.0;10
64800;Charlie;Pablo;SQUID_INK;SEASHELLS;2019.0;4
65000;Pablo;Caesar;KELP;SEASHELLS;2037.0;2
65000;Paris;Caesar;KELP;SEASHELLS;2037.0;1
65000;Paris;Camilla;KELP;SEASHELLS;2037.0;0
65000;Pablo;Caesar;SQUID_INK;SEASHELLS;2019.0;2
65000;Paris;Caesar;SQUID_INK;SEASHELLS;2019.0;1
65000;Paris;Camilla;SQUID_INK;SEASHELLS;2019.0;0
65000;Camilla;Caesar;VOLCANIC_ROCK_VOUCHER_10000;SEASHELLS;39.0;17
65000;Camilla;Caesar;VOLCANIC_ROCK_VOUCHER_10250;SEASHELLS;3.0;17
65000;Camilla;Caesar;VOLCANIC_ROCK_VOUCHER_9500;SEASHELLS;441.0;17
65000;Camilla;Caesar;VOLCANIC_ROCK_VOUCHER_9750;SEASHELLS;201.0;17
65100;Paris;Charlie;KELP;SEASHELLS;2037.0;1
65100;Paris;Charlie;SQUID_INK;SEASHELLS;2023.0;1
65200;Camilla;Caesar;VOLCANIC_ROCK_VOUCHER_10000;SEASHELLS;35.0;14
65200;Camilla;Caesar;VOLCANIC_ROCK_VOUCHER_10250;SEASHELLS;3.0;14
65200;Camilla;Caesar;VOLCANIC_ROCK_VOUCHER_9500;SEASHELLS;443.0;14
65200;Camilla;Caesar;VOLCANIC_ROCK_VOUCHER_9750;SEASHELLS;204.0;14
65300;Caesar;Paris;DJEMBES;SEASHELLS;13365.0;4
65400;Caesar;Camilla;DJEMBES;SEASHELLS;13366.0;7
65400;Charlie;Paris;KELP;SEASHELLS;2035.0;1
65400;Gary;Camilla;KELP;SEASHELLS;2037.0;8
65400;Gary;Charlie;KELP;SEASHELLS;2037.0;3
65400;Charlie;Paris;SQUID_INK;SEASHELLS;2017.0;1
65400;Gary;Camilla;SQUID_INK;SEASHELLS;2019.0;8
65400;Gary;Charlie;SQUID_INK;SEASHELLS;2019.0;3
66000;Paris;Caesar;KELP;SEASHELLS;2038.0;1
66000;Paris;Charlie;SQUID_INK;SEASHELLS;2018.0;2
66100;Penelope;Camilla;PICNIC_BASKET1;SEASHELLS;58328.0;10
66100;Penelope;Charlie;PICNIC_BASKET2;SEASHELLS;30169.0;10
66100;Charlie;Paris;RAINFOREST_RESIN;SEASHELLS;9999.0;1
66100;Caesar;Peter;VOLCANIC_ROCK;SEASHELLS;9966.0;7
66500;Caesar;Camilla;CROISSANTS;SEASHELLS;4295.0;4
66600;Caesar;Paris;JAMS;SEASHELLS;6457.0;4
66600;Paris;Charlie;RAINFOREST_RESIN;SEASHELLS;10008.0;2
66700;Paris;Caesar;DJEMBES;SEASHELLS;13367.0;3
66700;Charlie;Paris;KELP;SEASHELLS;2035.0;1
66700;Paris;Pablo;RAINFOREST_RESIN;SEASHELLS;9998.0;1
66700;Caesar;Pablo;RAINFOREST_RESIN;SEASHELLS;9998.0;2
66700;Caesar;Paris;SQUID_INK;SEASHELLS;2018.0;1
67000;Caesar;Camilla;JAMS;SEASHELLS;6457.0;3
67200;Penelope;Charlie;KELP;SEASHELLS;2039.0;7
67200;Caesar;Paris;MAGNIFICENT_MACARONS;SEASHELLS;736.0;5
67200;Penelope;Charlie;SQUID_INK;SEASHELLS;2023.0;7
67200;Caesar;Caesar;VOLCANIC_ROCK;SEASHELLS;9957.0;7
67300;Paris;Charlie;RAINFOREST_RESIN;SEASHELLS;10001.0;1
67500;Paris;Caesar;DJEMBES;SEASHELLS;13369.0;4
67500;Camilla;Paris;KELP;SEASHELLS;2036.0;1
67500;Camilla;Paris;SQUID_INK;SEASHELLS;2034.0;1
67600;Paris;Caesar;JAMS;SEASHELLS;6458.0;8
67700;Caesar;Paris;CROISSANTS;SEASHELLS;4291.0;6
67800;Paris;Caesar;JAMS;SEASHELLS;6459.0;7
67800;Charlie;Pablo;KELP;SEASHELLS;2036.0;2
67800;Charlie;Pablo;SQUID_INK;SEASHELLS;2031.0;2
67900;Charlie;Paris;KELP;SEASHELLS;2036.0;1
67900;Charlie;Paris;SQUID_INK;SEASHELLS;2033.0;1
68000;Camilla;Paris;KELP;SEASHELLS;2036.0;2
68000;Camilla;Paris;SQUID_INK;SEASHELLS;2034.0;2
68100;Paris;Caesar;JAMS;SEASHELLS;6459.0;6
68100;Charlie;Paris;KELP;SEASHELLS;2036.0;1
68100;Caesar;Paris;SQUID_INK;SEASHELLS;2025.0;1
68200;Charlie;Paris;RAINFOREST_RESIN;SEASHELLS;9992.0;1
68500;Charlie;Caesar;SQUID_INK;SEASHELLS;2026.0;6
68500;Caesar;Pablo;VOLCANIC_ROCK;SEASHELLS;9958.0;1
68600;Paris;Caesar;DJEMBES;SEASHELLS;13367.0;5
68900;Paris;Charlie;RAINFOREST_RESIN;SEASHELLS;10008.0;2
68900;Pablo;Charlie;RAINFOREST_RESIN;SEASHELLS;10002.0;4
69000;Caesar;Camilla;JAMS;SEASHELLS;6459.0;6
69100;Paris;Caesar;JAMS;SEASHELLS;6460.0;4
69200;Paris;Pablo;RAINFOREST_RESIN;SEASHELLS;9998.0;1
69300;Caesar;Caesar;VOLCANIC_ROCK;SEASHELLS;9957.0;6
69400;Charlie;Caesar;SQUID_INK;SEASHELLS;2018.0;6
69600;Camilla;Paris;KELP;SEASHELLS;2036.0;1
69600;Camilla;Paris;SQUID_INK;SEASHELLS;2018.0;1
69700;Paris;Caesar;JAMS;SEASHELLS;6461.0;6
69700;Caesar;Caesar;VOLCANIC_ROCK;SEASHELLS;9959.0;8
70000;Charlie;Pablo;RAINFOREST_RESIN;SEASHELLS;9998.0;5
70100;Caesar;Paris;DJEMBES;SEASHELLS;13367.0;2
70100;Pablo;Paris;RAINFOREST_RESIN;SEASHELLS;10002.0;1
70100;Pablo;Charlie;RAINFOREST_RESIN;SEASHELLS;10002.0;2
70200;Caesar;Paris;MAGNIFICENT_MACARONS;SEASHELLS;741.0;5
70200;Charlie;Paris;MAGNIFICENT_MACARONS;SEASHELLS;741.0;2
70200;Caesar;Caesar;VOLCANIC_ROCK;SEASHELLS;9959.0;5
70300;Caesar;Paris;CROISSANTS;SEASHELLS;4290.0;6
70400;Camilla;Penelope;VOLCANIC_ROCK_VOUCHER_10000;SEASHELLS;49.0;13
70400;Camilla;Penelope;VOLCANIC_ROCK_VOUCHER_9500;SEASHELLS;457.0;13
70400;Camilla;Penelope;VOLCANIC_ROCK_VOUCHER_9750;SEASHELLS;216.0;13
70500;Paris;Caesar;CROISSANTS;SEASHELLS;4292.0;8
70500;Penelope;Charlie;KELP;SEASHELLS;2040.0;13
70500;Camilla;Paris;KELP;SEASHELLS;2037.0;2
70500;Penelope;Charlie;SQUID_INK;SEASHELLS;2016.0;13
70500;Camilla;Paris;SQUID_INK;SEASHELLS;2013.0;2
70800;Paris;Charlie;KELP;SEASHELLS;2040.0;1
70800;Paris;Charlie;SQUID_INK;SEASHELLS;2013.0;1
70900;Paris;Caesar;CROISSANTS;SEASHELLS;4291.0;5
71100;Gina;Camilla;RAINFOREST_RESIN;SEASHELLS;10003.0;6
71100;Gina;Caesar;RAINFOREST_RESIN;SEASHELLS;10003.0;1
71200;Paris;Caesar;JAMS;SEASHELLS;6459.0;6
71200;Charlie;Paris;KELP;SEASHELLS;2037.0;1
71200;Charlie;Paris;SQUID_INK;SEASHELLS;2011.0;1
71900;Caesar;Paris;JAMS;SEASHELLS;6458.0;6
71900;Charlie;Paris;RAINFOREST_RESIN;SEASHELLS;9992.0;1
72200;Paris;Caesar;CROISSANTS;SEASHELLS;4291.0;5
72200;Caesar;Gary;KELP;SEASHELLS;2037.0;1
72200;Charlie;Gary;KELP;SEASHELLS;2037.0;12
72200;Charlie;Gary;SQUID_INK;SEASHELLS;2009.0;13
72400;Charlie;Paris;RAINFOREST_RESIN;SEASHELLS;9999.0;1
72500;Caesar;Paris;CROISSANTS;SEASHELLS;4289.0;7
72600;Caesar;Paris;JAMS;SEASHELLS;6458.0;8
72600;Charlie;Paris;KELP;SEASHELLS;2037.0;1
72600;Paris;Pablo;RAINFOREST_RESIN;SEASHELLS;9998.0;2
72600;Caesar;Paris;SQUID_INK;SEASHELLS;2011.0;1
72700;Caesar;Paris;CROISSANTS;SEASHELLS;4290.0;7
72700;Paris;Charlie;KELP;SEASHELLS;2040.0;1
72700;Paris;Charlie;SQUID_INK;SEASHELLS;2015.0;1
73000;Camilla;Camilla;MAGNIFICENT_MACARONS;SEASHELLS;737.0;2
73000;Caesar;Penelope;PICNIC_BASKET1;SEASHELLS;58303.0;1
73000;Charlie;Penelope;PICNIC_BASKET2;SEASHELLS;30139.0;6
73200;Paris;Gina;RAINFOREST_RESIN;SEASHELLS;10001.0;1
73300;Penelope;Charlie;KELP;SEASHELLS;2040.0;15
73300;Penelope;Charlie;SQUID_INK;SEASHELLS;2014.0;15
73300;Camilla;Penelope;VOLCANIC_ROCK_VOUCHER_9500;SEASHELLS;453.0;16
73300;Camilla;Penelope;VOLCANIC_ROCK_VOUCHER_9750;SEASHELLS;214.0;16
73400;Paris;Charlie;KELP;SEASHELLS;2039.0;1
73400;Paris;Charlie;SQUID_INK;SEASHELLS;2015.0;1
73600;Paris;Charlie;KELP;SEASHELLS;2040.0;1
73600;Paris;Charlie;SQUID_INK;SEASHELLS;2017.0;1
73700;Paris;Caesar;CROISSANTS;SEASHELLS;4291.0;7
73700;Paris;Caesar;DJEMBES;SEASHELLS;13362.0;3
73900;Caesar;Pablo;PICNIC_BASKET1;SEASHELLS;58316.0;1
73900;Caesar;Pablo;PICNIC_BASKET2;SEASHELLS;30137.0;1
74000;Pablo;Caesar;PICNIC_BASKET1;SEASHELLS;58332.0;1
74000;Pablo;Camilla;PICNIC_BASKET1;SEASHELLS;58332.0;2
74000;Pablo;Camilla;PICNIC_BASKET2;SEASHELLS;30143.0;3
74000;Charlie;Paris;RAINFOREST_RESIN;SEASHELLS;9992.0;1
74000;Camilla;Caesar;VOLCANIC_ROCK_VOUCHER_10000;SEASHELLS;39.0;17
74000;Camilla;Caesar;VOLCANIC_ROCK_VOUCHER_10250;SEASHELLS;3.0;17
74000;Camilla;Caesar;VOLCANIC_ROCK_VOUCHER_9500;SEASHELLS;451.0;17
74000;Camilla;Caesar;VOLCANIC_ROCK_VOUCHER_9750;SEASHELLS;209.0;17
74100;Charlie;Paris;SQUID_INK;SEASHELLS;2018.0;1
74300;Caesar;Paris;MAGNIFICENT_MACARONS;SEASHELLS;725.0;6
74400;Charlie;Paris;KELP;SEASHELLS;2036.0;1
74400;Charlie;Paris;SQUID_INK;SEASHELLS;2019.0;1
74500;Paris;Charlie;RAINFOREST_RESIN;SEASHELLS;10008.0;2
74700;Charlie;Paris;KELP;SEASHELLS;2036.0;2
74700;Caesar;Paris;SQUID_INK;SEASHELLS;2020.0;2
74900;Paris;Camilla;KELP;SEASHELLS;2038.0;1
74900;Paris;Charlie;MAGNIFICENT_MACARONS;SEASHELLS;729.0;5
74900;Paris;Caesar;RAINFOREST_RESIN;SEASHELLS;10001.0;1
74900;Paris;Camilla;SQUID_INK;SEASHELLS;2021.0;1
75100;Paris;Caesar;CROISSANTS;SEASHELLS;4291.0;6
75100;Camilla;Paris;KELP;SEASHELLS;2036.0;1
75100;Camilla;Paris;SQUID_INK;SEASHELLS;2019.0;1
75200;Charlie;Paris;KELP;SEASHELLS;2036.0;1
75200;Charlie;Paris;SQUID_INK;SEASHELLS;2019.0;1
75200;Penelope;Camilla;VOLCANIC_ROCK_VOUCHER_9500;SEASHELLS;441.0;11
75200;Penelope;Camilla;VOLCANIC_ROCK_VOUCHER_9750;SEASHELLS;202.0;11
75400;Charlie;Paris;KELP;SEASHELLS;2036.0;1
75400;Charlie;Paris;SQUID_INK;SEASHELLS;2021.0;1
75500;Charlie;Paris;KELP;SEASHELLS;2036.0;1
75500;Charlie;Paris;SQUID_INK;SEASHELLS;2024.0;1
75600;Caesar;Caesar;VOLCANIC_ROCK;SEASHELLS;9937.0;6
75900;Camilla;Paris;RAINFOREST_RESIN;SEASHELLS;9997.0;1
75900;Caesar;Caesar;VOLCANIC_ROCK;SEASHELLS;9932.0;9
76000;Paris;Caesar;DJEMBES;SEASHELLS;13366.0;3
76000;Charlie;Gina;KELP;SEASHELLS;2036.0;7
76000;Paris;Charlie;MAGNIFICENT_MACARONS;SEASHELLS;705.0;6
76000;Charlie;Gina;SQUID_INK;SEASHELLS;2019.0;7
76100;Paris;Caesar;JAMS;SEASHELLS;6462.0;4
76100;Caesar;Paris;MAGNIFICENT_MACARONS;SEASHELLS;695.0;6
76200;Paris;Caesar;JAMS;SEASHELLS;6462.0;9
76300;Caesar;Paris;DJEMBES;SEASHELLS;13364.0;5
76300;Camilla;Caesar;VOLCANIC_ROCK_VOUCHER_10000;SEASHELLS;39.0;10
76300;Camilla;Caesar;VOLCANIC_ROCK_VOUCHER_10250;SEASHELLS;3.0;10
76300;Camilla;Caesar;VOLCANIC_ROCK_VOUCHER_9500;SEASHELLS;437.0;10
76300;Camilla;Caesar;VOLCANIC_ROCK_VOUCHER_9750;SEASHELLS;198.0;10
76500;Charlie;Paris;KELP;SEASHELLS;2037.0;1
76700;Camilla;Paris;DJEMBES;SEASHELLS;13365.0;1
76700;Gary;Charlie;KELP;SEASHELLS;2040.0;10
76700;Charlie;Penelope;RAINFOREST_RESIN;SEASHELLS;9992.0;7
76700;Gary;Charlie;SQUID_INK;SEASHELLS;2016.0;10
76800;Pablo;Caesar;PICNIC_BASKET1;SEASHELLS;58325.0;2
76800;Pablo;Penelope;PICNIC_BASKET1;SEASHELLS;58325.0;2
76800;Pablo;Caesar;PICNIC_BASKET2;SEASHELLS;30134.0;2
76800;Pablo;Penelope;PICNIC_BASKET2;SEASHELLS;30134.0;2
77000;Camilla;Paris;KELP;SEASHELLS;2037.0;1
77000;Camilla;Paris;SQUID_INK;SEASHELLS;2012.0;1
77100;Penelope;Charlie;KELP;SEASHELLS;2040.0;5
77100;Penelope;Charlie;SQUID_INK;SEASHELLS;2015.0;5
77300;Charlie;Paris;KELP;SEASHELLS;2037.0;1
77300;Charlie;Paris;SQUID_INK;SEASHELLS;2011.0;1
77400;Paris;Charlie;KELP;SEASHELLS;2040.0;1
77400;Paris;Charlie;SQUID_INK;SEASHELLS;2014.0;1
77500;Caesar;Caesar;VOLCANIC_ROCK;SEASHELLS;9941.0;9
77600;Caesar;Paris;MAGNIFICENT_MACARONS;SEASHELLS;710.0;5
77700;Charlie;Olivia;KELP;SEASHELLS;2037.0;15
77800;Charlie;Paris;KELP;SEASHELLS;2037.0;1
77800;Charlie;Paris;SQUID_INK;SEASHELLS;2013.0;1
77900;Caesar;Paris;JAMS;SEASHELLS;6459.0;5
77900;Paris;Charlie;MAGNIFICENT_MACARONS;SEASHELLS;718.0;5
77900;Paris;Penelope;RAINFOREST_RESIN;SEASHELLS;10001.0;1
78000;Paris;Camilla;KELP;SEASHELLS;2039.0;1
78000;Gary;Camilla;KELP;SEASHELLS;2039.0;3
78000;Paris;Charlie;KELP;SEASHELLS;2040.0;2
78000;Penelope;Caesar;PICNIC_BASKET1;SEASHELLS;58337.0;1
78000;Penelope;Camilla;PICNIC_BASKET2;SEASHELLS;30129.0;5
78000;Paris;Camilla;SQUID_INK;SEASHELLS;2015.0;1
78000;Gary;Camilla;SQUID_INK;SEASHELLS;2015.0;3
78000;Paris;Charlie;SQUID_INK;SEASHELLS;2016.0;2
78100;Paris;Caesar;JAMS;SEASHELLS;6461.0;9
78100;Charlie;Penelope;RAINFOREST_RESIN;SEASHELLS;9992.0;6
78100;Penelope;Camilla;VOLCANIC_ROCK_VOUCHER_10000;SEASHELLS;41.0;12
78100;Penelope;Caesar;VOLCANIC_ROCK_VOUCHER_10000;SEASHELLS;41.0;1
78100;Penelope;Camilla;VOLCANIC_ROCK_VOUCHER_9500;SEASHELLS;443.0;12
78100;Penelope;Caesar;VOLCANIC_ROCK_VOUCHER_9500;SEASHELLS;443.0;1
78100;Penelope;Camilla;VOLCANIC_ROCK_VOUCHER_9750;SEASHELLS;202.0;12
78100;Penelope;Caesar;VOLCANIC_ROCK_VOUCHER_9750;SEASHELLS;202.0;1
78200;Pablo;Paris;RAINFOREST_RESIN;SEASHELLS;10002.0;1
78200;Pablo;Charlie;RAINFOREST_RESIN;SEASHELLS;10002.0;4
78300;Charlie;Gary;RAINFOREST_RESIN;SEASHELLS;9992.0;8
78300;Camilla;Caesar;VOLCANIC_ROCK_VOUCHER_10000;SEASHELLS;39.0;14
78300;Caesar;Caesar;VOLCANIC_ROCK_VOUCHER_10000;SEASHELLS;39.0;1
78300;Camilla;Caesar;VOLCANIC_ROCK_VOUCHER_10250;SEASHELLS;3.0;14
78300;Caesar;Caesar;VOLCANIC_ROCK_VOUCHER_10250;SEASHELLS;3.0;1
78300;Camilla;Caesar;VOLCANIC_ROCK_VOUCHER_9500;SEASHELLS;439.0;14
78300;Caesar;Caesar;VOLCANIC_ROCK_VOUCHER_9500;SEASHELLS;439.0;1
78300;Camilla;Caesar;VOLCANIC_ROCK_VOUCHER_9750;SEASHELLS;200.0;14
78300;Caesar;Caesar;VOLCANIC_ROCK_VOUCHER_9750;SEASHELLS;200.0;1
78400;Paris;Charlie;MAGNIFICENT_MACARONS;SEASHELLS;711.0;5
78600;Paris;Caesar;JAMS;SEASHELLS;6461.0;10
78600;Camilla;Pablo;VOLCANIC_ROCK_VOUCHER_10000;SEASHELLS;36.0;6
78600;Camilla;Pablo;VOLCANIC_ROCK_VOUCHER_10250;SEASHELLS;3.0;6
78600;Camilla;Pablo;VOLCANIC_ROCK_VOUCHER_10500;SEASHELLS;0.0;6
78600;Camilla;Pablo;VOLCANIC_ROCK_VOUCHER_9500;SEASHELLS;438.0;6
78600;Camilla;Pablo;VOLCANIC_ROCK_VOUCHER_9750;SEASHELLS;198.0;6
78700;Caesar;Paris;DJEMBES;SEASHELLS;13366.0;4
78700;Charlie;Paris;KELP;SEASHELLS;2037.0;1
78700;Charlie;Paris;SQUID_INK;SEASHELLS;2008.0;1
78800;Penelope;Camilla;KELP;SEASHELLS;2039.0;2
78800;Penelope;Charlie;KELP;SEASHELLS;2039.0;8
78800;Paris;Charlie;RAINFOREST_RESIN;SEASHELLS;10008.0;2
78800;Penelope;Camilla;SQUID_INK;SEASHELLS;2010.0;2
78900;Caesar;Paris;CROISSANTS;SEASHELLS;4289.0;5
78900;Caesar;Paris;JAMS;SEASHELLS;6459.0;10
79000;Caesar;Paris;JAMS;SEASHELLS;6459.0;5
79000;Camilla;Caesar;VOLCANIC_ROCK_VOUCHER_10000;SEASHELLS;37.0;13
79000;Camilla;Caesar;VOLCANIC_ROCK_VOUCHER_10250;SEASHELLS;3.0;13
79000;Camilla;Caesar;VOLCANIC_ROCK_VOUCHER_9500;SEASHELLS;430.0;13
79000;Camilla;Caesar;VOLCANIC_ROCK_VOUCHER_9750;SEASHELLS;190.0;13
79100;Charlie;Paris;KELP;SEASHELLS;2037.0;1
79100;Caesar;Paris;SQUID_INK;SEASHELLS;2012.0;1
79200;Charlie;Paris;KELP;SEASHELLS;2037.0;1
79200;Charlie;Gary;KELP;SEASHELLS;2037.0;9
79200;Charlie;Paris;SQUID_INK;SEASHELLS;2010.0;1
79200;Charlie;Gary;SQUID_INK;SEASHELLS;2010.0;9
79300;Camilla;Caesar;VOLCANIC_ROCK_VOUCHER_10000;SEASHELLS;30.0;11
79300;Camilla;Caesar;VOLCANIC_ROCK_VOUCHER_10250;SEASHELLS;3.0;11
79300;Camilla;Caesar;VOLCANIC_ROCK_VOUCHER_9500;SEASHELLS;428.0;11
79300;Camilla;Caesar;VOLCANIC_ROCK_VOUCHER_9750;SEASHELLS;189.0;11
79400;Charlie;Penelope;RAINFOREST_RESIN;SEASHELLS;9992.0;6
79500;Caesar;Penelope;PICNIC_BASKET1;SEASHELLS;58335.0;1
79500;Camilla;Penelope;PICNIC_BASKET2;SEASHELLS;30121.0;6
79600;Paris;Charlie;KELP;SEASHELLS;2040.0;1
79600;Paris;Charlie;SQUID_INK;SEASHELLS;2013.0;1
79700;Caesar;Paris;CROISSANTS;SEASHELLS;4289.0;8
79700;Charlie;Paris;RAINFOREST_RESIN;SEASHELLS;9992.0;1
79800;Caesar;Camilla;JAMS;SEASHELLS;6459.0;5
79800;Caesar;Penelope;KELP;SEASHELLS;2038.0;5
79800;Caesar;Penelope;SQUID_INK;SEASHELLS;2010.0;5
79900;Caesar;Paris;CROISSANTS;SEASHELLS;4289.0;8
79900;Penelope;Charlie;RAINFOREST_RESIN;SEASHELLS;10008.0;5
80000;Paris;Caesar;JAMS;SEASHELLS;6460.0;6
80100;Charlie;Gina;KELP;SEASHELLS;2037.0;8
80100;Camilla;Penelope;PICNIC_BASKET1;SEASHELLS;58338.0;8
80100;Camilla;Penelope;PICNIC_BASKET2;SEASHELLS;30116.0;8
80100;Charlie;Gina;SQUID_INK;SEASHELLS;2006.0;8
80100;Camilla;Penelope;VOLCANIC_ROCK_VOUCHER_9500;SEASHELLS;426.0;20
80100;Camilla;Penelope;VOLCANIC_ROCK_VOUCHER_9750;SEASHELLS;186.0;20
80200;Caesar;Caesar;VOLCANIC_ROCK;SEASHELLS;9925.0;5
80300;Caesar;Camilla;JAMS;SEASHELLS;6457.0;5
80500;Caesar;Camilla;JAMS;SEASHELLS;6457.0;12
80600;Camilla;Penelope;PICNIC_BASKET1;SEASHELLS;58327.0;5
80600;Camilla;Penelope;PICNIC_BASKET2;SEASHELLS;30107.0;5
80700;Charlie;Paris;KELP;SEASHELLS;2036.0;2
80700;Paris;Charlie;RAINFOREST_RESIN;SEASHELLS;10001.0;1
80700;Charlie;Paris;SQUID_INK;SEASHELLS;1995.0;2
80800;Charlie;Paris;KELP;SEASHELLS;2037.0;1
80800;Charlie;Paris;SQUID_INK;SEASHELLS;1996.0;1
80800;Caesar;Caesar;VOLCANIC_ROCK;SEASHELLS;9927.0;8
80900;Caesar;Caesar;VOLCANIC_ROCK;SEASHELLS;9925.0;8
81000;Caesar;Pablo;PICNIC_BASKET1;SEASHELLS;58326.0;2
81000;Camilla;Pablo;PICNIC_BASKET2;SEASHELLS;30103.0;2
81200;Caesar;Camilla;JAMS;SEASHELLS;6455.0;3
81300;Paris;Caesar;DJEMBES;SEASHELLS;13368.0;5
81300;Pablo;Paris;KELP;SEASHELLS;2039.0;1
81300;Pablo;Paris;SQUID_INK;SEASHELLS;2012.0;1
81500;Paris;Caesar;DJEMBES;SEASHELLS;13368.0;2
81700;Caesar;Paris;CROISSANTS;SEASHELLS;4290.0;7
81700;Charlie;Pablo;KELP;SEASHELLS;2037.0;5
81700;Pablo;Camilla;PICNIC_BASKET1;SEASHELLS;58324.0;2
81700;Pablo;Camilla;PICNIC_BASKET2;SEASHELLS;30108.0;2
81700;Charlie;Pablo;SQUID_INK;SEASHELLS;2005.0;5
81800;Gina;Charlie;RAINFOREST_RESIN;SEASHELLS;10003.0;8
81900;Caesar;Paris;CROISSANTS;SEASHELLS;4291.0;5
82000;Caesar;Camilla;DJEMBES;SEASHELLS;13365.0;6
82300;Paris;Caesar;CROISSANTS;SEASHELLS;4293.0;7
82300;Pablo;Caesar;VOLCANIC_ROCK;SEASHELLS;9922.0;3
82600;Gary;Caesar;KELP;SEASHELLS;2039.0;1
82600;Penelope;Caesar;PICNIC_BASKET1;SEASHELLS;58334.0;1
82600;Penelope;Camilla;PICNIC_BASKET2;SEASHELLS;30104.0;6
82600;Gary;Charlie;SQUID_INK;SEASHELLS;2011.0;12
82800;Paris;Charlie;RAINFOREST_RESIN;SEASHELLS;10008.0;1
82900;Camilla;Pablo;KELP;SEASHELLS;2037.0;5
82900;Camilla;Paris;KELP;SEASHELLS;2037.0;1
82900;Camilla;Pablo;SQUID_INK;SEASHELLS;2010.0;5
82900;Camilla;Paris;SQUID_INK;SEASHELLS;2010.0;1
83100;Paris;Caesar;CROISSANTS;SEASHELLS;4292.0;7
83100;Paris;Charlie;KELP;SEASHELLS;2038.0;1
83100;Pablo;Caesar;PICNIC_BASKET1;SEASHELLS;58332.0;2
83100;Pablo;Camilla;PICNIC_BASKET1;SEASHELLS;58332.0;1
83100;Pablo;Camilla;PICNIC_BASKET2;SEASHELLS;30103.0;3
83100;Paris;Charlie;SQUID_INK;SEASHELLS;2011.0;1
83300;Penelope;Charlie;RAINFOREST_RESIN;SEASHELLS;10008.0;7
83500;Camilla;Paris;JAMS;SEASHELLS;6455.0;3
83500;Charlie;Paris;KELP;SEASHELLS;2036.0;1
83500;Charlie;Pablo;RAINFOREST_RESIN;SEASHELLS;9998.0;5
83900;Camilla;Gary;RAINFOREST_RESIN;SEASHELLS;9997.0;4
84000;Caesar;Paris;JAMS;SEASHELLS;6454.0;9
84000;Penelope;Charlie;KELP;SEASHELLS;2039.0;6
84000;Penelope;Charlie;SQUID_INK;SEASHELLS;2013.0;6
84100;Paris;Charlie;KELP;SEASHELLS;2038.0;1
84100;Pablo;Charlie;RAINFOREST_RESIN;SEASHELLS;10002.0;3
84100;Paris;Charlie;SQUID_INK;SEASHELLS;2013.0;1
84200;Caesar;Paris;JAMS;SEASHELLS;6454.0;6
84200;Paris;Charlie;RAINFOREST_RESIN;SEASHELLS;10008.0;1
84300;Caesar;Paris;DJEMBES;SEASHELLS;13364.0;2
84500;Caesar;Paris;RAINFOREST_RESIN;SEASHELLS;9999.0;1
84600;Paris;Charlie;KELP;SEASHELLS;2040.0;2
84600;Paris;Charlie;SQUID_INK;SEASHELLS;2012.0;2
84800;Charlie;Penelope;RAINFOREST_RESIN;SEASHELLS;9992.0;6
84900;Caesar;Camilla;DJEMBES;SEASHELLS;13366.0;4
85200;Gina;Paris;KELP;SEASHELLS;2037.0;1
85200;Gina;Paris;SQUID_INK;SEASHELLS;2017.0;1
85300;Paris;Charlie;KELP;SEASHELLS;2039.0;1
85500;Pablo;Paris;KELP;SEASHELLS;2038.0;1
85500;Caesar;Paris;RAINFOREST_RESIN;SEASHELLS;9999.0;1
85500;Pablo;Paris;SQUID_INK;SEASHELLS;2012.0;1
85800;Caesar;Caesar;VOLCANIC_ROCK;SEASHELLS;9920.0;6
85900;Caesar;Camilla;CROISSANTS;SEASHELLS;4291.0;10
85900;Paris;Charlie;RAINFOREST_RESIN;SEASHELLS;10001.0;1
86200;Caesar;Paris;CROISSANTS;SEASHELLS;4290.0;7
86200;Paris;Charlie;RAINFOREST_RESIN;SEASHELLS;10008.0;2
86300;Paris;Caesar;DJEMBES;SEASHELLS;13361.0;5
86400;Caesar;Penelope;PICNIC_BASKET1;SEASHELLS;58295.0;2
86400;Caesar;Penelope;PICNIC_BASKET2;SEASHELLS;30106.0;2
86500;Caesar;Paris;DJEMBES;SEASHELLS;13359.0;4
86500;Charlie;Pablo;KELP;SEASHELLS;2037.0;2
86500;Charlie;Paris;RAINFOREST_RESIN;SEASHELLS;9999.0;1
86500;Charlie;Pablo;SQUID_INK;SEASHELLS;2025.0;2
86700;Caesar;Paris;KELP;SEASHELLS;2037.0;1
86700;Caesar;Penelope;PICNIC_BASKET1;SEASHELLS;58303.0;1
86700;Caesar;Penelope;PICNIC_BASKET2;SEASHELLS;30103.0;1
86700;Charlie;Paris;SQUID_INK;SEASHELLS;2031.0;1
86700;Camilla;Pablo;VOLCANIC_ROCK_VOUCHER_10000;SEASHELLS;33.0;7
86700;Camilla;Pablo;VOLCANIC_ROCK_VOUCHER_10250;SEASHELLS;2.0;7
86700;Camilla;Pablo;VOLCANIC_ROCK_VOUCHER_10500;SEASHELLS;0.0;7
86700;Camilla;Pablo;VOLCANIC_ROCK_VOUCHER_9500;SEASHELLS;422.0;7
86700;Camilla;Pablo;VOLCANIC_ROCK_VOUCHER_9750;SEASHELLS;185.0;7
86900;Pablo;Paris;KELP;SEASHELLS;2038.0;1
86900;Caesar;Paris;MAGNIFICENT_MACARONS;SEASHELLS;719.0;4
86900;Pablo;Paris;SQUID_INK;SEASHELLS;2029.0;1
86900;Caesar;Caesar;VOLCANIC_ROCK;SEASHELLS;9920.0;7
87000;Caesar;Camilla;JAMS;SEASHELLS;6452.0;3
87200;Caesar;Paris;CROISSANTS;SEASHELLS;4290.0;7
87300;Charlie;Paris;RAINFOREST_RESIN;SEASHELLS;9999.0;1
87400;Caesar;Caesar;VOLCANIC_ROCK;SEASHELLS;9913.0;7
87500;Paris;Charlie;KELP;SEASHELLS;2038.0;1
87500;Caesar;Paris;MAGNIFICENT_MACARONS;SEASHELLS;716.0;5
87500;Charlie;Pablo;RAINFOREST_RESIN;SEASHELLS;9998.0;4
87500;Paris;Charlie;SQUID_INK;SEASHELLS;2025.0;1
87700;Paris;Camilla;KELP;SEASHELLS;2038.0;1
87700;Charlie;Paris;RAINFOREST_RESIN;SEASHELLS;9992.0;1
87700;Charlie;Paris;RAINFOREST_RESIN;SEASHELLS;9999.0;1
87700;Paris;Camilla;SQUID_INK;SEASHELLS;2025.0;1
87900;Paris;Caesar;DJEMBES;SEASHELLS;13358.0;1
88100;Pablo;Caesar;VOLCANIC_ROCK;SEASHELLS;9919.0;1
88200;Caesar;Paris;JAMS;SEASHELLS;6452.0;7
88300;Caesar;Paris;CROISSANTS;SEASHELLS;4291.0;7
88300;Caesar;Paris;DJEMBES;SEASHELLS;13354.0;4
88300;Charlie;Paris;KELP;SEASHELLS;2036.0;2
88300;Charlie;Paris;SQUID_INK;SEASHELLS;2017.0;2
88400;Paris;Caesar;DJEMBES;SEASHELLS;13355.0;3
88400;Charlie;Paris;KELP;SEASHELLS;2036.0;1
88400;Charlie;Paris;SQUID_INK;SEASHELLS;2014.0;1
88600;Caesar;Paris;CROISSANTS;SEASHELLS;4292.0;5
88700;Caesar;Pablo;PICNIC_BASKET1;SEASHELLS;58301.0;2
88700;Camilla;Pablo;PICNIC_BASKET2;SEASHELLS;30115.0;2
88700;Camilla;Pablo;RAINFOREST_RESIN;SEASHELLS;9997.0;5
88800;Caesar;Pablo;PICNIC_BASKET1;SEASHELLS;58307.0;2
88800;Camilla;Pablo;PICNIC_BASKET1;SEASHELLS;58306.0;1
88800;Charlie;Pablo;PICNIC_BASKET2;SEASHELLS;30114.0;3
89000;Paris;Caesar;JAMS;SEASHELLS;6453.0;10
89300;Paris;Charlie;KELP;SEASHELLS;2039.0;1
89300;Caesar;Pablo;RAINFOREST_RESIN;SEASHELLS;9998.0;5
89300;Paris;Charlie;SQUID_INK;SEASHELLS;2018.0;1
89300;Camilla;Pablo;VOLCANIC_ROCK_VOUCHER_10000;SEASHELLS;31.0;15
89300;Camilla;Pablo;VOLCANIC_ROCK_VOUCHER_10250;SEASHELLS;2.0;15
89300;Camilla;Pablo;VOLCANIC_ROCK_VOUCHER_10500;SEASHELLS;0.0;15
89300;Camilla;Pablo;VOLCANIC_ROCK_VOUCHER_9500;SEASHELLS;419.0;15
89300;Camilla;Pablo;VOLCANIC_ROCK_VOUCHER_9750;SEASHELLS;178.0;15
89500;Caesar;Paris;DJEMBES;SEASHELLS;13355.0;4
89500;Paris;Charlie;KELP;SEASHELLS;2039.0;2
89500;Paris;Charlie;SQUID_INK;SEASHELLS;2018.0;2
89700;Caesar;Camilla;JAMS;SEASHELLS;6449.0;8
89700;Penelope;Charlie;KELP;SEASHELLS;2039.0;9
89700;Penelope;Charlie;SQUID_INK;SEASHELLS;2015.0;9
89800;Caesar;Paris;DJEMBES;SEASHELLS;13355.0;3
90000;Caesar;Camilla;CROISSANTS;SEASHELLS;4293.0;10
90100;Caesar;Penelope;RAINFOREST_RESIN;SEASHELLS;10000.0;5
90200;Caesar;Paris;DJEMBES;SEASHELLS;13353.0;3
90200;Caesar;Camilla;JAMS;SEASHELLS;6449.0;5
90800;Charlie;Paris;KELP;SEASHELLS;2034.0;1
90800;Charlie;Paris;SQUID_INK;SEASHELLS;2005.0;1
91300;Charlie;Gina;RAINFOREST_RESIN;SEASHELLS;9997.0;6
91400;Caesar;Paris;DJEMBES;SEASHELLS;13354.0;1
91400;Charlie;Caesar;KELP;SEASHELLS;2035.0;6
91400;Camilla;Caesar;VOLCANIC_ROCK_VOUCHER_10000;SEASHELLS;36.0;18
91400;Camilla;Caesar;VOLCANIC_ROCK_VOUCHER_10250;SEASHELLS;2.0;18
91400;Camilla;Caesar;VOLCANIC_ROCK_VOUCHER_9500;SEASHELLS;424.0;18
91400;Camilla;Caesar;VOLCANIC_ROCK_VOUCHER_9750;SEASHELLS;186.0;18
91600;Caesar;Camilla;CROISSANTS;SEASHELLS;4292.0;6
91700;Camilla;Camilla;MAGNIFICENT_MACARONS;SEASHELLS;740.0;5
91700;Camilla;Caesar;VOLCANIC_ROCK_VOUCHER_10000;SEASHELLS;35.0;14
91700;Camilla;Caesar;VOLCANIC_ROCK_VOUCHER_10250;SEASHELLS;2.0;14
91700;Camilla;Caesar;VOLCANIC_ROCK_VOUCHER_9500;SEASHELLS;427.0;14
91700;Camilla;Caesar;VOLCANIC_ROCK_VOUCHER_9750;SEASHELLS;188.0;14
91800;Caesar;Paris;KELP;SEASHELLS;2035.0;1
91800;Charlie;Paris;SQUID_INK;SEASHELLS;2007.0;1
91900;Caesar;Paris;JAMS;SEASHELLS;6449.0;4
91900;Charlie;Paris;KELP;SEASHELLS;2035.0;1
91900;Charlie;Paris;KELP;SEASHELLS;2035.0;1
91900;Charlie;Paris;SQUID_INK;SEASHELLS;2003.0;1
91900;Charlie;Paris;SQUID_INK;SEASHELLS;2004.0;1
92000;Caesar;Camilla;CROISSANTS;SEASHELLS;4292.0;4
92000;Caesar;Paris;JAMS;SEASHELLS;6449.0;7
92100;Paris;Caesar;CROISSANTS;SEASHELLS;4293.0;5
92100;Charlie;Paris;KELP;SEASHELLS;2034.0;1
92100;Gina;Paris;RAINFOREST_RESIN;SEASHELLS;9999.0;1
92100;Charlie;Paris;SQUID_INK;SEASHELLS;2004.0;1
92300;Gary;Caesar;KELP;SEASHELLS;2037.0;1
92300;Gary;Charlie;SQUID_INK;SEASHELLS;2008.0;9
92400;Charlie;Paris;KELP;SEASHELLS;2034.0;1
92600;Charlie;Paris;KELP;SEASHELLS;2034.0;1
92600;Charlie;Gary;KELP;SEASHELLS;2034.0;13
92600;Charlie;Pablo;KELP;SEASHELLS;2035.0;5
92600;Caesar;Penelope;PICNIC_BASKET1;SEASHELLS;58333.0;2
92600;Caesar;Penelope;PICNIC_BASKET2;SEASHELLS;30131.0;2
92600;Charlie;Pablo;SQUID_INK;SEASHELLS;2007.0;5
92600;Charlie;Paris;SQUID_INK;SEASHELLS;2007.0;1
92600;Charlie;Gary;SQUID_INK;SEASHELLS;2007.0;13
92700;Caesar;Paris;DJEMBES;SEASHELLS;13352.0;3
92700;Charlie;Paris;KELP;SEASHELLS;2034.0;1
92700;Camilla;Penelope;PICNIC_BASKET1;SEASHELLS;58330.0;8
92700;Camilla;Penelope;PICNIC_BASKET2;SEASHELLS;30135.0;8
92700;Charlie;Paris;SQUID_INK;SEASHELLS;2006.0;1
92800;Paris;Caesar;DJEMBES;SEASHELLS;13354.0;4
92800;Caesar;Camilla;JAMS;SEASHELLS;6450.0;11
92800;Paris;Caesar;JAMS;SEASHELLS;6451.0;6
92800;Paris;Charlie;KELP;SEASHELLS;2036.0;1
92800;Paris;Charlie;SQUID_INK;SEASHELLS;2010.0;1
92900;Caesar;Camilla;JAMS;SEASHELLS;6450.0;3
93000;Camilla;Paris;KELP;SEASHELLS;2034.0;1
93000;Charlie;Pablo;RAINFOREST_RESIN;SEASHELLS;9998.0;5
93000;Camilla;Paris;SQUID_INK;SEASHELLS;2014.0;1
93200;Caesar;Penelope;PICNIC_BASKET1;SEASHELLS;58336.0;1
93200;Caesar;Penelope;PICNIC_BASKET2;SEASHELLS;30137.0;1
93300;Paris;Charlie;KELP;SEASHELLS;2036.0;1
93300;Camilla;Camilla;MAGNIFICENT_MACARONS;SEASHELLS;725.0;5
93300;Paris;Charlie;SQUID_INK;SEASHELLS;2015.0;1
93500;Paris;Caesar;DJEMBES;SEASHELLS;13354.0;4
93600;Paris;Caesar;JAMS;SEASHELLS;6451.0;8
93600;Camilla;Caesar;VOLCANIC_ROCK_VOUCHER_10000;SEASHELLS;31.0;10
93600;Camilla;Caesar;VOLCANIC_ROCK_VOUCHER_10250;SEASHELLS;2.0;10
93600;Camilla;Caesar;VOLCANIC_ROCK_VOUCHER_9500;SEASHELLS;421.0;10
93600;Camilla;Caesar;VOLCANIC_ROCK_VOUCHER_9750;SEASHELLS;182.0;10
93700;Caesar;Paris;DJEMBES;SEASHELLS;13353.0;5
93700;Penelope;Paris;KELP;SEASHELLS;2034.0;1
93700;Paris;Gina;RAINFOREST_RESIN;SEASHELLS;10001.0;1
93700;Charlie;Paris;SQUID_INK;SEASHELLS;2015.0;1
93700;Penelope;Charlie;SQUID_INK;SEASHELLS;2018.0;15
94000;Paris;Caesar;CROISSANTS;SEASHELLS;4294.0;5
94200;Caesar;Paris;MAGNIFICENT_MACARONS;SEASHELLS;718.0;6
94200;Penelope;Charlie;RAINFOREST_RESIN;SEASHELLS;10008.0;6
94400;Camilla;Caesar;VOLCANIC_ROCK_VOUCHER_10000;SEASHELLS;31.0;10
94400;Camilla;Caesar;VOLCANIC_ROCK_VOUCHER_10250;SEASHELLS;2.0;10
94400;Camilla;Caesar;VOLCANIC_ROCK_VOUCHER_9500;SEASHELLS;422.0;10
94400;Camilla;Caesar;VOLCANIC_ROCK_VOUCHER_9750;SEASHELLS;182.0;10
94500;Paris;Caesar;JAMS;SEASHELLS;6451.0;5
94900;Paris;Caesar;CROISSANTS;SEASHELLS;4293.0;5
94900;Penelope;Charlie;KELP;SEASHELLS;2037.0;5
94900;Penelope;Charlie;SQUID_INK;SEASHELLS;2012.0;5
95200;Caesar;Camilla;CROISSANTS;SEASHELLS;4292.0;7
95200;Caesar;Paris;DJEMBES;SEASHELLS;13354.0;5
95300;Paris;Pablo;KELP;SEASHELLS;2033.0;1
95300;Caesar;Pablo;KELP;SEASHELLS;2033.0;2
95300;Paris;Pablo;SQUID_INK;SEASHELLS;2008.0;1
95300;Caesar;Pablo;SQUID_INK;SEASHELLS;2008.0;2
95400;Paris;Caesar;DJEMBES;SEASHELLS;13354.0;1
95400;Charlie;Paris;KELP;SEASHELLS;2033.0;1
95400;Charlie;Paris;SQUID_INK;SEASHELLS;2008.0;1
95600;Paris;Caesar;JAMS;SEASHELLS;6451.0;4
95800;Caesar;Caesar;VOLCANIC_ROCK;SEASHELLS;9926.0;5
96000;Paris;Camilla;KELP;SEASHELLS;2034.0;1
96000;Paris;Camilla;SQUID_INK;SEASHELLS;2013.0;1
96000;Camilla;Caesar;VOLCANIC_ROCK_VOUCHER_10000;SEASHELLS;33.0;17
96000;Caesar;Caesar;VOLCANIC_ROCK_VOUCHER_10000;SEASHELLS;33.0;1
96000;Camilla;Caesar;VOLCANIC_ROCK_VOUCHER_10250;SEASHELLS;2.0;17
96000;Caesar;Caesar;VOLCANIC_ROCK_VOUCHER_10250;SEASHELLS;2.0;1
96000;Camilla;Caesar;VOLCANIC_ROCK_VOUCHER_9500;SEASHELLS;427.0;17
96000;Caesar;Caesar;VOLCANIC_ROCK_VOUCHER_9500;SEASHELLS;427.0;1
96000;Camilla;Caesar;VOLCANIC_ROCK_VOUCHER_9750;SEASHELLS;188.0;17
96000;Caesar;Caesar;VOLCANIC_ROCK_VOUCHER_9750;SEASHELLS;188.0;1
96100;Caesar;Camilla;CROISSANTS;SEASHELLS;4292.0;7
96100;Paris;Charlie;KELP;SEASHELLS;2034.0;1
96100;Paris;Charlie;SQUID_INK;SEASHELLS;2016.0;1
96100;Peter;Caesar;VOLCANIC_ROCK;SEASHELLS;9930.0;9
96600;Camilla;Caesar;VOLCANIC_ROCK_VOUCHER_10000;SEASHELLS;35.0;14
96600;Caesar;Caesar;VOLCANIC_ROCK_VOUCHER_10000;SEASHELLS;35.0;1
96600;Camilla;Caesar;VOLCANIC_ROCK_VOUCHER_10250;SEASHELLS;2.0;14
96600;Caesar;Caesar;VOLCANIC_ROCK_VOUCHER_10250;SEASHELLS;2.0;1
96600;Camilla;Caesar;VOLCANIC_ROCK_VOUCHER_9500;SEASHELLS;426.0;14
96600;Caesar;Caesar;VOLCANIC_ROCK_VOUCHER_9500;SEASHELLS;426.0;1
96600;Camilla;Caesar;VOLCANIC_ROCK_VOUCHER_9750;SEASHELLS;189.0;14
96600;Caesar;Caesar;VOLCANIC_ROCK_VOUCHER_9750;SEASHELLS;189.0;1
96700;Paris;Charlie;KELP;SEASHELLS;2034.0;1
96700;Paris;Charlie;MAGNIFICENT_MACARONS;SEASHELLS;713.0;5
96700;Paris;Charlie;SQUID_INK;SEASHELLS;2019.0;1
96800;Caesar;Camilla;JAMS;SEASHELLS;6450.0;11
96800;Charlie;Gina;RAINFOREST_RESIN;SEASHELLS;9997.0;8
96800;Caesar;Caesar;VOLCANIC_ROCK;SEASHELLS;9923.0;6
97100;Paris;Caesar;DJEMBES;SEASHELLS;13353.0;3
97100;Paris;Caesar;RAINFOREST_RESIN;SEASHELLS;10001.0;1
97200;Pablo;Charlie;KELP;SEASHELLS;2035.0;3
97200;Pablo;Charlie;SQUID_INK;SEASHELLS;2023.0;3
97300;Caesar;Pablo;VOLCANIC_ROCK;SEASHELLS;9917.0;2
97400;Charlie;Paris;KELP;SEASHELLS;2033.0;2
97400;Charlie;Paris;SQUID_INK;SEASHELLS;2021.0;2
97500;Camilla;Paris;KELP;SEASHELLS;2033.0;1
97500;Gina;Charlie;RAINFOREST_RESIN;SEASHELLS;10003.0;8
97500;Camilla;Paris;SQUID_INK;SEASHELLS;2020.0;1
97600;Caesar;Peter;VOLCANIC_ROCK;SEASHELLS;9913.0;8
97800;Caesar;Paris;DJEMBES;SEASHELLS;13352.0;5
97900;Penelope;Charlie;RAINFOREST_RESIN;SEASHELLS;10008.0;4
98200;Paris;Charlie;MAGNIFICENT_MACARONS;SEASHELLS;713.0;6
98300;Caesar;Paris;CROISSANTS;SEASHELLS;4293.0;6
98400;Charlie;Penelope;KELP;SEASHELLS;2032.0;12
98400;Charlie;Penelope;SQUID_INK;SEASHELLS;2023.0;12
98600;Paris;Caesar;JAMS;SEASHELLS;6446.0;5
98600;Pablo;Caesar;VOLCANIC_ROCK;SEASHELLS;9912.0;1
98800;Caesar;Paris;JAMS;SEASHELLS;6444.0;6
98800;Paris;Camilla;RAINFOREST_RESIN;SEASHELLS;10003.0;1
98800;Caesar;Caesar;VOLCANIC_ROCK;SEASHELLS;9914.0;7
98900;Caesar;Paris;DJEMBES;SEASHELLS;13355.0;5
98900;Penelope;Charlie;RAINFOREST_RESIN;SEASHELLS;10008.0;5
99200;Caesar;Paris;DJEMBES;SEASHELLS;13354.0;5
99200;Camilla;Camilla;MAGNIFICENT_MACARONS;SEASHELLS;718.0;5
99300;Paris;Charlie;KELP;SEASHELLS;2035.0;2
99300;Paris;Charlie;SQUID_INK;SEASHELLS;2029.0;2
99300;Camilla;Caesar;VOLCANIC_ROCK_VOUCHER_10000;SEASHELLS;31.0;16
99300;Caesar;Caesar;VOLCANIC_ROCK_VOUCHER_10000;SEASHELLS;31.0;1
99300;Camilla;Caesar;VOLCANIC_ROCK_VOUCHER_10250;SEASHELLS;2.0;16
99300;Caesar;Caesar;VOLCANIC_ROCK_VOUCHER_10250;SEASHELLS;2.0;1
99300;Camilla;Caesar;VOLCANIC_ROCK_VOUCHER_9500;SEASHELLS;414.0;16
99300;Caesar;Caesar;VOLCANIC_ROCK_VOUCHER_9500;SEASHELLS;414.0;1
99300;Camilla;Caesar;VOLCANIC_ROCK_VOUCHER_9750;SEASHELLS;176.0;16
99300;Caesar;Caesar;VOLCANIC_ROCK_VOUCHER_9750;SEASHELLS;176.0;1
99400;Paris;Caesar;DJEMBES;SEASHELLS;13355.0;5
99500;Charlie;Pablo;RAINFOREST_RESIN;SEASHELLS;9998.0;3
99600;Caesar;Paris;KELP;SEASHELLS;2032.0;1
99600;Caesar;Paris;SQUID_INK;SEASHELLS;2030.0;1
99600;Peter;Caesar;VOLCANIC_ROCK;SEASHELLS;9913.0;5
99900;Caesar;Penelope;PICNIC_BASKET1;SEASHELLS;58348.0;1
99900;Caesar;Penelope;PICNIC_BASKET2;SEASHELLS;30153.0;1
99900;Penelope;Charlie;RAINFOREST_RESIN;SEASHELLS;10008.0;4
99900;Caesar;Caesar;VOLCANIC_ROCK;SEASHELLS;9914.0;7
100000;Paris;Charlie;RAINFOREST_RESIN;SEASHELLS;10008.0;2
100100;Charlie;Paris;KELP;SEASHELLS;2032.0;1
100200;Caesar;Pablo;VOLCANIC_ROCK;SEASHELLS;9912.0;1
100300;Camilla;Pablo;VOLCANIC_ROCK_VOUCHER_10000;SEASHELLS;29.0;13
100300;Camilla;Pablo;VOLCANIC_ROCK_VOUCHER_10250;SEASHELLS;2.0;13
100300;Camilla;Pablo;VOLCANIC_ROCK_VOUCHER_10500;SEASHELLS;0.0;13
100300;Camilla;Pablo;VOLCANIC_ROCK_VOUCHER_9500;SEASHELLS;412.0;13
100300;Camilla;Pablo;VOLCANIC_ROCK_VOUCHER_9750;SEASHELLS;175.0;13
100600;Caesar;Paris;JAMS;SEASHELLS;6443.0;5
100600;Charlie;Gary;KELP;SEASHELLS;2032.0;11
100600;Charlie;Gary;SQUID_INK;SEASHELLS;2022.0;11
100800;Paris;Camilla;KELP;SEASHELLS;2034.0;1
100800;Gina;Paris;RAINFOREST_RESIN;SEASHELLS;10003.0;1
100800;Gina;Caesar;RAINFOREST_RESIN;SEASHELLS;10003.0;11
100800;Paris;Camilla;SQUID_INK;SEASHELLS;2021.0;1
100900;Camilla;Caesar;VOLCANIC_ROCK_VOUCHER_10000;SEASHELLS;27.0;12
100900;Camilla;Caesar;VOLCANIC_ROCK_VOUCHER_10250;SEASHELLS;2.0;12
100900;Camilla;Caesar;VOLCANIC_ROCK_VOUCHER_9500;SEASHELLS;414.0;12
100900;Camilla;Caesar;VOLCANIC_ROCK_VOUCHER_9750;SEASHELLS;177.0;12
101200;Charlie;Paris;KELP;SEASHELLS;2032.0;1
101200;Charlie;Paris;SQUID_INK;SEASHELLS;2016.0;1
101500;Paris;Penelope;KELP;SEASHELLS;2034.0;1
101500;Paris;Penelope;SQUID_INK;SEASHELLS;2017.0;1
101800;Caesar;Pablo;RAINFOREST_RESIN;SEASHELLS;9998.0;3
101900;Camilla;Caesar;VOLCANIC_ROCK_VOUCHER_10000;SEASHELLS;31.0;14
101900;Camilla;Caesar;VOLCANIC_ROCK_VOUCHER_10250;SEASHELLS;2.0;14
101900;Camilla;Caesar;VOLCANIC_ROCK_VOUCHER_9500;SEASHELLS;414.0;14
101900;Camilla;Caesar;VOLCANIC_ROCK_VOUCHER_9750;SEASHELLS;176.0;14
102000;Pablo;Pablo;RAINFOREST_RESIN;SEASHELLS;9998.0;3
102100;Charlie;Penelope;KELP;SEASHELLS;2031.0;10
102100;Paris;Charlie;KELP;SEASHELLS;2034.0;2
102100;Charlie;Penelope;SQUID_INK;SEASHELLS;2017.0;10
102100;Paris;Charlie;SQUID_INK;SEASHELLS;2021.0;2
102500;Caesar;Paris;CROISSANTS;SEASHELLS;4293.0;7
102500;Charlie;Gary;KELP;SEASHELLS;2031.0;14
102500;Charlie;Gary;SQUID_INK;SEASHELLS;2024.0;14
102600;Caesar;Camilla;CROISSANTS;SEASHELLS;4293.0;10
102800;Paris;Caesar;DJEMBES;SEASHELLS;13351.0;2
102800;Charlie;Paris;KELP;SEASHELLS;2031.0;1
102800;Charlie;Paris;RAINFOREST_RESIN;SEASHELLS;9992.0;2
102800;Charlie;Paris;SQUID_INK;SEASHELLS;2023.0;1
103000;Paris;Caesar;DJEMBES;SEASHELLS;13353.0;4
103000;Caesar;Gina;KELP;SEASHELLS;2031.0;2
103000;Charlie;Gina;KELP;SEASHELLS;2031.0;6
103000;Paris;Charlie;RAINFOREST_RESIN;SEASHELLS;10008.0;2
103000;Charlie;Gina;SQUID_INK;SEASHELLS;2025.0;8
103100;Caesar;Paris;CROISSANTS;SEASHELLS;4293.0;8
103300;Caesar;Camilla;DJEMBES;SEASHELLS;13351.0;11
103300;Camilla;Caesar;VOLCANIC_ROCK_VOUCHER_10000;SEASHELLS;34.0;11
103300;Camilla;Caesar;VOLCANIC_ROCK_VOUCHER_10250;SEASHELLS;2.0;11
103300;Camilla;Caesar;VOLCANIC_ROCK_VOUCHER_9500;SEASHELLS;423.0;11
103300;Camilla;Caesar;VOLCANIC_ROCK_VOUCHER_9750;SEASHELLS;187.0;11
103400;Camilla;Camilla;MAGNIFICENT_MACARONS;SEASHELLS;731.0;3
103500;Paris;Caesar;CROISSANTS;SEASHELLS;4296.0;7
103500;Charlie;Pablo;RAINFOREST_RESIN;SEASHELLS;9998.0;4
103600;Camilla;Caesar;VOLCANIC_ROCK_VOUCHER_10000;SEASHELLS;35.0;15
103600;Camilla;Caesar;VOLCANIC_ROCK_VOUCHER_10250;SEASHELLS;2.0;15
103600;Camilla;Caesar;VOLCANIC_ROCK_VOUCHER_9500;SEASHELLS;422.0;15
103600;Camilla;Caesar;VOLCANIC_ROCK_VOUCHER_9750;SEASHELLS;185.0;15
103700;Paris;Caesar;CROISSANTS;SEASHELLS;4295.0;8
103700;Charlie;Pablo;KELP;SEASHELLS;2031.0;5
103700;Penelope;Camilla;VOLCANIC_ROCK_VOUCHER_9500;SEASHELLS;423.0;13
103700;Penelope;Camilla;VOLCANIC_ROCK_VOUCHER_9750;SEASHELLS;186.0;13
103800;Camilla;Gina;KELP;SEASHELLS;2031.0;2
103800;Charlie;Gina;KELP;SEASHELLS;2031.0;6
103800;Camilla;Gina;SQUID_INK;SEASHELLS;2025.0;2
103800;Charlie;Gina;SQUID_INK;SEASHELLS;2025.0;6
104000;Camilla;Paris;MAGNIFICENT_MACARONS;SEASHELLS;739.0;3
104100;Caesar;Paris;DJEMBES;SEASHELLS;13352.0;5
104200;Paris;Caesar;CROISSANTS;SEASHELLS;4295.0;8
104400;Caesar;Paris;KELP;SEASHELLS;2032.0;1
104400;Charlie;Paris;SQUID_INK;SEASHELLS;2025.0;1
104500;Paris;Charlie;KELP;SEASHELLS;2035.0;2
104500;Paris;Charlie;SQUID_INK;SEASHELLS;2029.0;2
104600;Caesar;Camilla;CROISSANTS;SEASHELLS;4293.0;8
104600;Caesar;Paris;DJEMBES;SEASHELLS;13353.0;2
104800;Penelope;Camilla;VOLCANIC_ROCK_VOUCHER_9500;SEASHELLS;418.0;13
104800;Penelope;Camilla;VOLCANIC_ROCK_VOUCHER_9750;SEASHELLS;180.0;13
104900;Paris;Charlie;KELP;SEASHELLS;2033.0;1
104900;Paris;Charlie;SQUID_INK;SEASHELLS;2030.0;1
105000;Caesar;Paris;DJEMBES;SEASHELLS;13353.0;4
105000;Paris;Camilla;KELP;SEASHELLS;2033.0;1
105000;Paris;Camilla;SQUID_INK;SEASHELLS;2029.0;1
105200;Caesar;Camilla;JAMS;SEASHELLS;6443.0;10
105200;Paris;Charlie;KELP;SEASHELLS;2034.0;1
105200;Paris;Charlie;SQUID_INK;SEASHELLS;2029.0;1
105400;Paris;Pablo;RAINFOREST_RESIN;SEASHELLS;9998.0;2
105400;Camilla;Penelope;VOLCANIC_ROCK_VOUCHER_10000;SEASHELLS;30.0;13
105400;Camilla;Penelope;VOLCANIC_ROCK_VOUCHER_9500;SEASHELLS;413.0;13
105400;Camilla;Penelope;VOLCANIC_ROCK_VOUCHER_9750;SEASHELLS;176.0;13
105500;Caesar;Paris;CROISSANTS;SEASHELLS;4292.0;6
105500;Caesar;Paris;JAMS;SEASHELLS;6444.0;9
105500;Paris;Charlie;KELP;SEASHELLS;2034.0;1
105500;Charlie;Paris;RAINFOREST_RESIN;SEASHELLS;9992.0;1
105600;Caesar;Camilla;CROISSANTS;SEASHELLS;4292.0;9
105600;Paris;Caesar;CROISSANTS;SEASHELLS;4293.0;5
105600;Paris;Charlie;KELP;SEASHELLS;2035.0;1
105600;Paris;Charlie;SQUID_INK;SEASHELLS;2029.0;1
106100;Camilla;Camilla;MAGNIFICENT_MACARONS;SEASHELLS;730.0;3
106200;Gina;Camilla;KELP;SEASHELLS;2034.0;1
106200;Charlie;Paris;RAINFOREST_RESIN;SEASHELLS;9999.0;1
106200;Gina;Camilla;SQUID_INK;SEASHELLS;2027.0;1
106200;Camilla;Caesar;VOLCANIC_ROCK_VOUCHER_10000;SEASHELLS;34.0;10
106200;Camilla;Caesar;VOLCANIC_ROCK_VOUCHER_10250;SEASHELLS;2.0;10
106200;Camilla;Caesar;VOLCANIC_ROCK_VOUCHER_9500;SEASHELLS;412.0;10
106200;Camilla;Caesar;VOLCANIC_ROCK_VOUCHER_9750;SEASHELLS;175.0;10
106300;Paris;Charlie;KELP;SEASHELLS;2034.0;1
106300;Charlie;Paris;RAINFOREST_RESIN;SEASHELLS;9992.0;1
106300;Paris;Charlie;SQUID_INK;SEASHELLS;2026.0;1
106400;Camilla;Paris;KELP;SEASHELLS;2032.0;1
106400;Camilla;Paris;SQUID_INK;SEASHELLS;2024.0;1
106400;Camilla;Caesar;VOLCANIC_ROCK_VOUCHER_10000;SEASHELLS;31.0;15
106400;Camilla;Caesar;VOLCANIC_ROCK_VOUCHER_10250;SEASHELLS;2.0;15
106400;Camilla;Caesar;VOLCANIC_ROCK_VOUCHER_9500;SEASHELLS;411.0;15
106400;Camilla;Caesar;VOLCANIC_ROCK_VOUCHER_9750;SEASHELLS;174.0;15
106500;Caesar;Paris;CROISSANTS;SEASHELLS;4291.0;6
106500;Charlie;Paris;KELP;SEASHELLS;2032.0;2
106500;Charlie;Paris;SQUID_INK;SEASHELLS;2025.0;2
106800;Paris;Charlie;KELP;SEASHELLS;2034.0;1
106800;Paris;Charlie;SQUID_INK;SEASHELLS;2025.0;1
106900;Charlie;Paris;KELP;SEASHELLS;2032.0;1
106900;Pablo;Gary;RAINFOREST_RESIN;SEASHELLS;10002.0;3
106900;Charlie;Paris;SQUID_INK;SEASHELLS;2021.0;1
107100;Gina;Camilla;KELP;SEASHELLS;2034.0;6
107100;Gina;Charlie;KELP;SEASHELLS;2034.0;3
107100;Paris;Charlie;RAINFOREST_RESIN;SEASHELLS;10001.0;1
107100;Gina;Camilla;SQUID_INK;SEASHELLS;2024.0;6
107100;Gina;Charlie;SQUID_INK;SEASHELLS;2024.0;3
107200;Charlie;Gary;KELP;SEASHELLS;2031.0;9
107200;Caesar;Gary;SQUID_INK;SEASHELLS;2020.0;2
107200;Camilla;Caesar;VOLCANIC_ROCK_VOUCHER_10000;SEASHELLS;34.0;13
107200;Camilla;Caesar;VOLCANIC_ROCK_VOUCHER_10250;SEASHELLS;2.0;13
107200;Camilla;Caesar;VOLCANIC_ROCK_VOUCHER_9500;SEASHELLS;417.0;13
107200;Caesar;Penelope;VOLCANIC_ROCK_VOUCHER_9500;SEASHELLS;417.0;2
107200;Camilla;Caesar;VOLCANIC_ROCK_VOUCHER_9750;SEASHELLS;179.0;13
107200;Caesar;Penelope;VOLCANIC_ROCK_VOUCHER_9750;SEASHELLS;179.0;2
107400;Charlie;Penelope;KELP;SEASHELLS;2031.0;8
107400;Charlie;Penelope;SQUID_INK;SEASHELLS;2021.0;8
107800;Caesar;Paris;DJEMBES;SEASHELLS;13346.0;3
107800;Penelope;Charlie;RAINFOREST_RESIN;SEASHELLS;10008.0;5
108000;Paris;Caesar;DJEMBES;SEASHELLS;13347.0;5
108000;Camilla;Paris;KELP;SEASHELLS;2031.0;1
108000;Camilla;Paris;KELP;SEASHELLS;2031.0;2
108000;Camilla;Paris;SQUID_INK;SEASHELLS;2023.0;1
108000;Camilla;Paris;SQUID_INK;SEASHELLS;2023.0;2
108100;Caesar;Paris;DJEMBES;SEASHELLS;13345.0;5
108100;Charlie;Paris;KELP;SEASHELLS;2031.0;2
108100;Charlie;Paris;SQUID_INK;SEASHELLS;2020.0;2
108200;Caesar;Paris;CROISSANTS;SEASHELLS;4294.0;7
108200;Paris;Caesar;DJEMBES;SEASHELLS;13346.0;1
108400;Gary;Charlie;KELP;SEASHELLS;2035.0;12
108400;Gary;Charlie;SQUID_INK;SEASHELLS;2022.0;12
108500;Paris;Caesar;DJEMBES;SEASHELLS;13347.0;2
108500;Penelope;Charlie;KELP;SEASHELLS;2035.0;7
108500;Penelope;Charlie;SQUID_INK;SEASHELLS;2024.0;7
108600;Charlie;Gary;RAINFOREST_RESIN;SEASHELLS;9992.0;6
108800;Pablo;Camilla;PICNIC_BASKET1;SEASHELLS;58326.0;6
108800;Pablo;Camilla;PICNIC_BASKET2;SEASHELLS;30156.0;6
109100;Paris;Caesar;CROISSANTS;SEASHELLS;4293.0;7
109100;Charlie;Paris;KELP;SEASHELLS;2032.0;1
109100;Charlie;Paris;SQUID_INK;SEASHELLS;2024.0;1
109300;Penelope;Camilla;PICNIC_BASKET1;SEASHELLS;58329.0;10
109300;Penelope;Charlie;PICNIC_BASKET2;SEASHELLS;30156.0;10
109400;Paris;Caesar;CROISSANTS;SEASHELLS;4294.0;6
109400;Caesar;Paris;DJEMBES;SEASHELLS;13345.0;4
109400;Paris;Caesar;JAMS;SEASHELLS;6446.0;6
109400;Charlie;Paris;RAINFOREST_RESIN;SEASHELLS;9992.0;1
109400;Caesar;Caesar;VOLCANIC_ROCK;SEASHELLS;9916.0;7
109700;Paris;Caesar;DJEMBES;SEASHELLS;13348.0;1
109700;Charlie;Paris;KELP;SEASHELLS;2032.0;2
109700;Charlie;Paris;SQUID_INK;SEASHELLS;2021.0;2
109700;Peter;Caesar;VOLCANIC_ROCK;SEASHELLS;9920.0;7
110100;Paris;Charlie;KELP;SEASHELLS;2035.0;2
110100;Penelope;Camilla;PICNIC_BASKET1;SEASHELLS;58344.0;8
110100;Penelope;Charlie;PICNIC_BASKET2;SEASHELLS;30161.0;8
110100;Paris;Charlie;SQUID_INK;SEASHELLS;2025.0;2
110200;Charlie;Paris;KELP;SEASHELLS;2032.0;1
110200;Charlie;Paris;SQUID_INK;SEASHELLS;2022.0;1
110200;Camilla;Caesar;VOLCANIC_ROCK_VOUCHER_10000;SEASHELLS;34.0;15
110200;Camilla;Caesar;VOLCANIC_ROCK_VOUCHER_10250;SEASHELLS;2.0;15
110200;Camilla;Caesar;VOLCANIC_ROCK_VOUCHER_9500;SEASHELLS;415.0;15
110200;Camilla;Caesar;VOLCANIC_ROCK_VOUCHER_9750;SEASHELLS;178.0;15
110400;Paris;Caesar;JAMS;SEASHELLS;6445.0;5
110400;Paris;Charlie;KELP;SEASHELLS;2034.0;1
110400;Paris;Charlie;SQUID_INK;SEASHELLS;2033.0;1
110500;Caesar;Paris;CROISSANTS;SEASHELLS;4294.0;5
110700;Paris;Caesar;CROISSANTS;SEASHELLS;4296.0;6
110800;Caesar;Camilla;JAMS;SEASHELLS;6445.0;6
110800;Paris;Charlie;RAINFOREST_RESIN;SEASHELLS;10008.0;1
110800;Camilla;Caesar;VOLCANIC_ROCK_VOUCHER_10000;SEASHELLS;31.0;15
110800;Camilla;Caesar;VOLCANIC_ROCK_VOUCHER_10250;SEASHELLS;2.0;15
