timestamp;buyer;seller;symbol;currency;price;quantity
0;Caesar;Paris;CROISSANTS;SEASHELLS;4241.0;8
0;Caesar;Paris;JAMS;SEASHELLS;6522.0;6
100;Gina;Charlie;SQUID_INK;SEASHELLS;1818.0;7
200;Paris;Caesar;DJEMBES;SEASHELLS;13298.0;2
300;Paris;Caesar;JAMS;SEASHELLS;6523.0;10
400;Paris;Caesar;CROISSANTS;SEASHELLS;4242.0;5
800;Paris;Caesar;CROISSANTS;SEASHELLS;4242.0;5
800;Paris;Pablo;KELP;SEASHELLS;2040.0;1
800;Charlie;Pablo;KELP;SEASHELLS;2040.0;1
800;Paris;Pablo;SQUID_INK;SEASHELLS;1813.0;1
800;Charlie;Pablo;SQUID_INK;SEASHELLS;1813.0;1
900;Paris;Caesar;JAMS;SEASHELLS;6523.0;9
1000;Camilla;Pablo;PICNIC_BASKET2;SEASHELLS;30064.0;7
1000;Charlie;Pablo;RAINFOREST_RESIN;SEASHELLS;9998.0;3
1100;Paris;Caesar;JAMS;SEASHELLS;6523.0;5
1200;Camilla;Pablo;VOLCANIC_ROCK_VOUCHER_10000;SEASHELLS;182.0;15
1200;Camilla;Pablo;VOLCANIC_ROCK_VOUCHER_10250;SEASHELLS;37.0;15
1200;Camilla;Pablo;VOLCANIC_ROCK_VOUCHER_10500;SEASHELLS;3.0;15
1200;Camilla;Pablo;VOLCANIC_ROCK_VOUCHER_9500;SEASHELLS;669.0;15
1200;Camilla;Pablo;VOLCANIC_ROCK_VOUCHER_9750;SEASHELLS;420.0;15
1300;Caesar;Paris;KELP;SEASHELLS;2040.0;1
1300;Charlie;Paris;KELP;SEASHELLS;2039.0;2
1300;Paris;Paris;RAINFOREST_RESIN;SEASHELLS;10001.0;1
1300;Charlie;Paris;SQUID_INK;SEASHELLS;1819.0;1
1300;Charlie;Paris;SQUID_INK;SEASHELLS;1819.0;2
1400;Charlie;Pablo;KELP;SEASHELLS;2040.0;2
1400;Pablo;Charlie;RAINFOREST_RESIN;SEASHELLS;10002.0;4
1400;Charlie;Pablo;SQUID_INK;SEASHELLS;1820.0;2
1500;Charlie;Paris;KELP;SEASHELLS;2040.0;1
1500;Charlie;Paris;SQUID_INK;SEASHELLS;1820.0;1
1700;Pablo;Charlie;RAINFOREST_RESIN;SEASHELLS;10002.0;4
1700;Caesar;Pablo;VOLCANIC_ROCK;SEASHELLS;10171.0;2
1800;Pablo;Camilla;KELP;SEASHELLS;2041.0;3
1800;Pablo;Penelope;KELP;SEASHELLS;2041.0;2
1800;Pablo;Camilla;SQUID_INK;SEASHELLS;1822.0;3
1800;Pablo;Penelope;SQUID_INK;SEASHELLS;1822.0;2
2000;Paris;Caesar;JAMS;SEASHELLS;6519.0;4
2100;Charlie;Penelope;PICNIC_BASKET1;SEASHELLS;58401.0;9
2100;Charlie;Penelope;PICNIC_BASKET2;SEASHELLS;30051.0;9
2100;Penelope;Camilla;VOLCANIC_ROCK_VOUCHER_10000;SEASHELLS;190.0;13
2100;Penelope;Camilla;VOLCANIC_ROCK_VOUCHER_9500;SEASHELLS;676.0;13
2100;Penelope;Camilla;VOLCANIC_ROCK_VOUCHER_9750;SEASHELLS;427.0;13
2300;Caesar;Camilla;CROISSANTS;SEASHELLS;4241.0;10
2300;Penelope;Camilla;RAINFOREST_RESIN;SEASHELLS;10003.0;7
2400;Paris;Charlie;RAINFOREST_RESIN;SEASHELLS;10008.0;1
2500;Paris;Caesar;DJEMBES;SEASHELLS;13299.0;5
2500;Caesar;Paris;JAMS;SEASHELLS;6516.0;9
2500;Charlie;Paris;RAINFOREST_RESIN;SEASHELLS;9992.0;2
2600;Charlie;Paris;KELP;SEASHELLS;2040.0;1
2600;Charlie;Penelope;KELP;SEASHELLS;2040.0;6
2600;Charlie;Paris;KELP;SEASHELLS;2040.0;1
2600;Charlie;Paris;SQUID_INK;SEASHELLS;1822.0;1
2600;Charlie;Penelope;SQUID_INK;SEASHELLS;1822.0;6
2600;Charlie;Paris;SQUID_INK;SEASHELLS;1822.0;1
2600;Caesar;Caesar;VOLCANIC_ROCK;SEASHELLS;10167.0;5
2700;Caesar;Camilla;JAMS;SEASHELLS;6516.0;5
2700;Paris;Caesar;JAMS;SEASHELLS;6518.0;9
3000;Charlie;Paris;KELP;SEASHELLS;2040.0;1
3000;Charlie;Paris;SQUID_INK;SEASHELLS;1823.0;1
3300;Paris;Caesar;DJEMBES;SEASHELLS;13300.0;4
3700;Camilla;Paris;KELP;SEASHELLS;2040.0;1
3700;Camilla;Paris;SQUID_INK;SEASHELLS;1828.0;1
3800;Paris;Charlie;KELP;SEASHELLS;2043.0;2
3800;Paris;Charlie;SQUID_INK;SEASHELLS;1832.0;2
3900;Paris;Caesar;KELP;SEASHELLS;2042.0;1
3900;Paris;Caesar;SQUID_INK;SEASHELLS;1831.0;1
4100;Pablo;Caesar;KELP;SEASHELLS;2041.0;3
4100;Pablo;Caesar;SQUID_INK;SEASHELLS;1832.0;3
4100;Camilla;Caesar;VOLCANIC_ROCK_VOUCHER_10000;SEASHELLS;180.0;10
4100;Caesar;Caesar;VOLCANIC_ROCK_VOUCHER_10000;SEASHELLS;180.0;2
4100;Camilla;Caesar;VOLCANIC_ROCK_VOUCHER_10250;SEASHELLS;35.0;10
4100;Caesar;Caesar;VOLCANIC_ROCK_VOUCHER_10250;SEASHELLS;35.0;2
4100;Camilla;Caesar;VOLCANIC_ROCK_VOUCHER_10500;SEASHELLS;3.0;10
4100;Caesar;Caesar;VOLCANIC_ROCK_VOUCHER_10500;SEASHELLS;3.0;2
4100;Camilla;Caesar;VOLCANIC_ROCK_VOUCHER_9500;SEASHELLS;662.0;10
4100;Caesar;Caesar;VOLCANIC_ROCK_VOUCHER_9500;SEASHELLS;662.0;2
4100;Camilla;Caesar;VOLCANIC_ROCK_VOUCHER_9750;SEASHELLS;413.0;10
4100;Caesar;Caesar;VOLCANIC_ROCK_VOUCHER_9750;SEASHELLS;413.0;2
4200;Paris;Charlie;MAGNIFICENT_MACARONS;SEASHELLS;651.0;4
4300;Charlie;Penelope;KELP;SEASHELLS;2039.0;4
4300;Charlie;Paris;KELP;SEASHELLS;2039.0;1
4300;Charlie;Penelope;SQUID_INK;SEASHELLS;1833.0;4
4300;Charlie;Paris;SQUID_INK;SEASHELLS;1833.0;1
4500;Charlie;Paris;KELP;SEASHELLS;2039.0;1
4500;Charlie;Paris;SQUID_INK;SEASHELLS;1834.0;1
4600;Paris;Caesar;CROISSANTS;SEASHELLS;4239.0;8
4600;Penelope;Charlie;RAINFOREST_RESIN;SEASHELLS;10008.0;8
4700;Caesar;Camilla;JAMS;SEASHELLS;6515.0;6
4900;Caesar;Camilla;CROISSANTS;SEASHELLS;4238.0;5
5000;Pablo;Charlie;RAINFOREST_RESIN;SEASHELLS;10002.0;4
5100;Charlie;Gina;KELP;SEASHELLS;2039.0;8
5100;Caesar;Paris;RAINFOREST_RESIN;SEASHELLS;10000.0;2
5100;Charlie;Gina;SQUID_INK;SEASHELLS;1835.0;8
5200;Charlie;Pablo;RAINFOREST_RESIN;SEASHELLS;9998.0;3
5300;Charlie;Gina;KELP;SEASHELLS;2039.0;7
5300;Charlie;Penelope;RAINFOREST_RESIN;SEASHELLS;9992.0;7
5300;Charlie;Gina;SQUID_INK;SEASHELLS;1836.0;7
5700;Charlie;Paris;KELP;SEASHELLS;2039.0;2
5700;Charlie;Paris;SQUID_INK;SEASHELLS;1838.0;2
5800;Charlie;Penelope;RAINFOREST_RESIN;SEASHELLS;9992.0;6
5900;Caesar;Peter;VOLCANIC_ROCK;SEASHELLS;10157.0;5
6000;Charlie;Pablo;RAINFOREST_RESIN;SEASHELLS;9992.0;4
6100;Caesar;Paris;CROISSANTS;SEASHELLS;4239.0;7
6200;Camilla;Caesar;MAGNIFICENT_MACARONS;SEASHELLS;643.0;5
6300;Caesar;Gary;KELP;SEASHELLS;2039.0;2
6300;Charlie;Paris;KELP;SEASHELLS;2038.0;1
6300;Charlie;Gary;KELP;SEASHELLS;2039.0;8
6300;Penelope;Charlie;RAINFOREST_RESIN;SEASHELLS;10008.0;4
6300;Charlie;Gary;SQUID_INK;SEASHELLS;1836.0;10
6300;Charlie;Paris;SQUID_INK;SEASHELLS;1836.0;1
6400;Caesar;Paris;KELP;SEASHELLS;2039.0;1
6400;Charlie;Paris;SQUID_INK;SEASHELLS;1837.0;1
6600;Caesar;Camilla;CROISSANTS;SEASHELLS;4239.0;8
6700;Caesar;Paris;DJEMBES;SEASHELLS;13298.0;4
6700;Charlie;Pablo;RAINFOREST_RESIN;SEASHELLS;9998.0;3
6900;Caesar;Paris;CROISSANTS;SEASHELLS;4239.0;7
6900;Paris;Charlie;RAINFOREST_RESIN;SEASHELLS;10008.0;1
7200;Caesar;Camilla;CROISSANTS;SEASHELLS;4238.0;4
7300;Pablo;Charlie;RAINFOREST_RESIN;SEASHELLS;10002.0;4
7500;Charlie;Caesar;KELP;SEASHELLS;2039.0;5
7500;Caesar;Peter;VOLCANIC_ROCK;SEASHELLS;10163.0;6
7700;Paris;Camilla;KELP;SEASHELLS;2040.0;1
7700;Paris;Camilla;SQUID_INK;SEASHELLS;1842.0;1
7800;Paris;Caesar;DJEMBES;SEASHELLS;13290.0;4
7800;Pablo;Caesar;RAINFOREST_RESIN;SEASHELLS;10002.0;5
8000;Pablo;Paris;KELP;SEASHELLS;2040.0;1
8000;Paris;Charlie;KELP;SEASHELLS;2041.0;2
8000;Pablo;Paris;SQUID_INK;SEASHELLS;1841.0;1
8000;Paris;Charlie;SQUID_INK;SEASHELLS;1842.0;2
8100;Charlie;Paris;KELP;SEASHELLS;2038.0;1
8100;Charlie;Paris;SQUID_INK;SEASHELLS;1838.0;1
8200;Paris;Charlie;RAINFOREST_RESIN;SEASHELLS;10008.0;2
8600;Caesar;Paris;DJEMBES;SEASHELLS;13295.0;2
8700;Charlie;Paris;RAINFOREST_RESIN;SEASHELLS;9992.0;2
8800;Caesar;Camilla;JAMS;SEASHELLS;6512.0;4
8800;Camilla;Gina;RAINFOREST_RESIN;SEASHELLS;9997.0;4
8800;Charlie;Paris;RAINFOREST_RESIN;SEASHELLS;9992.0;1
9100;Caesar;Camilla;CROISSANTS;SEASHELLS;4239.0;5
9100;Caesar;Paris;KELP;SEASHELLS;2038.0;1
9100;Pablo;Paris;RAINFOREST_RESIN;SEASHELLS;10002.0;1
9100;Charlie;Paris;SQUID_INK;SEASHELLS;1840.0;1
9400;Camilla;Caesar;VOLCANIC_ROCK_VOUCHER_10000;SEASHELLS;178.0;19
9400;Caesar;Caesar;VOLCANIC_ROCK_VOUCHER_10000;SEASHELLS;178.0;1
9400;Camilla;Caesar;VOLCANIC_ROCK_VOUCHER_10250;SEASHELLS;35.0;19
9400;Caesar;Caesar;VOLCANIC_ROCK_VOUCHER_10250;SEASHELLS;35.0;1
9400;Camilla;Caesar;VOLCANIC_ROCK_VOUCHER_10500;SEASHELLS;3.0;19
9400;Caesar;Caesar;VOLCANIC_ROCK_VOUCHER_10500;SEASHELLS;3.0;1
9400;Camilla;Caesar;VOLCANIC_ROCK_VOUCHER_9500;SEASHELLS;663.0;19
9400;Caesar;Caesar;VOLCANIC_ROCK_VOUCHER_9500;SEASHELLS;663.0;1
9400;Camilla;Caesar;VOLCANIC_ROCK_VOUCHER_9750;SEASHELLS;414.0;19
9400;Caesar;Caesar;VOLCANIC_ROCK_VOUCHER_9750;SEASHELLS;414.0;1
9500;Caesar;Paris;CROISSANTS;SEASHELLS;4239.0;6
9600;Charlie;Paris;KELP;SEASHELLS;2037.0;1
9600;Charlie;Caesar;KELP;SEASHELLS;2038.0;3
9600;Charlie;Paris;RAINFOREST_RESIN;SEASHELLS;9999.0;1
9600;Charlie;Paris;SQUID_INK;SEASHELLS;1841.0;1
9600;Charlie;Caesar;SQUID_INK;SEASHELLS;1842.0;3
9700;Charlie;Paris;KELP;SEASHELLS;2037.0;1
9800;Charlie;Pablo;RAINFOREST_RESIN;SEASHELLS;9998.0;3
9900;Caesar;Paris;DJEMBES;SEASHELLS;13295.0;1
10000;Paris;Caesar;CROISSANTS;SEASHELLS;4239.0;5
10000;Camilla;Caesar;VOLCANIC_ROCK_VOUCHER_10000;SEASHELLS;180.0;11
10000;Camilla;Caesar;VOLCANIC_ROCK_VOUCHER_10250;SEASHELLS;35.0;11
10000;Camilla;Caesar;VOLCANIC_ROCK_VOUCHER_10500;SEASHELLS;3.0;11
10000;Camilla;Caesar;VOLCANIC_ROCK_VOUCHER_9500;SEASHELLS;662.0;11
10000;Camilla;Caesar;VOLCANIC_ROCK_VOUCHER_9750;SEASHELLS;413.0;11
10200;Camilla;Caesar;VOLCANIC_ROCK_VOUCHER_10000;SEASHELLS;181.0;14
10200;Camilla;Caesar;VOLCANIC_ROCK_VOUCHER_10250;SEASHELLS;35.0;14
10200;Camilla;Caesar;VOLCANIC_ROCK_VOUCHER_10500;SEASHELLS;3.0;14
10200;Camilla;Caesar;VOLCANIC_ROCK_VOUCHER_9500;SEASHELLS;662.0;14
10200;Camilla;Caesar;VOLCANIC_ROCK_VOUCHER_9750;SEASHELLS;414.0;14
10300;Charlie;Paris;RAINFOREST_RESIN;SEASHELLS;9992.0;2
10800;Gary;Camilla;KELP;SEASHELLS;2039.0;1
10800;Penelope;Charlie;RAINFOREST_RESIN;SEASHELLS;10008.0;8
10800;Gary;Camilla;SQUID_INK;SEASHELLS;1847.0;1
10800;Gary;Charlie;SQUID_INK;SEASHELLS;1847.0;11
10900;Caesar;Pablo;KELP;SEASHELLS;2037.0;2
11300;Paris;Charlie;RAINFOREST_RESIN;SEASHELLS;10008.0;1
11400;Paris;Caesar;KELP;SEASHELLS;2038.0;1
11400;Charlie;Caesar;KELP;SEASHELLS;2037.0;2
11400;Paris;Caesar;SQUID_INK;SEASHELLS;1847.0;1
11400;Charlie;Caesar;SQUID_INK;SEASHELLS;1846.0;2
11500;Paris;Caesar;CROISSANTS;SEASHELLS;4238.0;8
11500;Peter;Caesar;VOLCANIC_ROCK;SEASHELLS;10164.0;8
11600;Paris;Caesar;JAMS;SEASHELLS;6515.0;8
11800;Camilla;Paris;KELP;SEASHELLS;2036.0;1
11800;Camilla;Paris;SQUID_INK;SEASHELLS;1846.0;1
11800;Penelope;Camilla;VOLCANIC_ROCK_VOUCHER_10000;SEASHELLS;175.0;10
11800;Penelope;Camilla;VOLCANIC_ROCK_VOUCHER_10250;SEASHELLS;34.0;10
11800;Penelope;Camilla;VOLCANIC_ROCK_VOUCHER_9500;SEASHELLS;659.0;10
11800;Penelope;Camilla;VOLCANIC_ROCK_VOUCHER_9750;SEASHELLS;410.0;10
11900;Paris;Caesar;CROISSANTS;SEASHELLS;4238.0;8
12000;Caesar;Paris;JAMS;SEASHELLS;6514.0;7
12000;Charlie;Paris;KELP;SEASHELLS;2037.0;1
12000;Charlie;Paris;SQUID_INK;SEASHELLS;1847.0;1
12100;Paris;Caesar;CROISSANTS;SEASHELLS;4238.0;8
12100;Paris;Caesar;DJEMBES;SEASHELLS;13301.0;1
12200;Paris;Charlie;KELP;SEASHELLS;2040.0;2
12200;Penelope;Camilla;PICNIC_BASKET1;SEASHELLS;58356.0;8
12200;Penelope;Charlie;PICNIC_BASKET2;SEASHELLS;30084.0;8
12200;Paris;Charlie;SQUID_INK;SEASHELLS;1849.0;2
12300;Paris;Camilla;KELP;SEASHELLS;2039.0;1
12300;Paris;Camilla;SQUID_INK;SEASHELLS;1848.0;1
12400;Paris;Charlie;KELP;SEASHELLS;2039.0;1
12400;Paris;Charlie;SQUID_INK;SEASHELLS;1849.0;1
12500;Pablo;Charlie;KELP;SEASHELLS;2039.0;3
12600;Pablo;Caesar;PICNIC_BASKET1;SEASHELLS;58348.0;1
12700;Charlie;Paris;KELP;SEASHELLS;2037.0;1
12800;Pablo;Camilla;KELP;SEASHELLS;2039.0;2
12800;Pablo;Camilla;SQUID_INK;SEASHELLS;1848.0;2
12800;Camilla;Pablo;VOLCANIC_ROCK_VOUCHER_10000;SEASHELLS;138.0;11
12800;Camilla;Pablo;VOLCANIC_ROCK_VOUCHER_10250;SEASHELLS;22.0;11
12800;Camilla;Pablo;VOLCANIC_ROCK_VOUCHER_10500;SEASHELLS;2.0;11
12800;Camilla;Pablo;VOLCANIC_ROCK_VOUCHER_9500;SEASHELLS;613.0;11
12800;Camilla;Pablo;VOLCANIC_ROCK_VOUCHER_9750;SEASHELLS;364.0;11
12900;Penelope;Caesar;PICNIC_BASKET1;SEASHELLS;58343.0;2
12900;Penelope;Caesar;PICNIC_BASKET2;SEASHELLS;30075.0;2
12900;Caesar;Caesar;VOLCANIC_ROCK;SEASHELLS;10114.0;10
13000;Paris;Caesar;DJEMBES;SEASHELLS;13301.0;5
13200;Paris;Pablo;RAINFOREST_RESIN;SEASHELLS;9998.0;1
13300;Caesar;Paris;KELP;SEASHELLS;2038.0;1
13300;Charlie;Paris;SQUID_INK;SEASHELLS;1852.0;1
13300;Pablo;Caesar;VOLCANIC_ROCK;SEASHELLS;10114.0;3
13400;Caesar;Paris;KELP;SEASHELLS;2038.0;1
13400;Caesar;Paris;SQUID_INK;SEASHELLS;1853.0;1
13500;Caesar;Paris;MAGNIFICENT_MACARONS;SEASHELLS;626.0;6
13700;Paris;Charlie;KELP;SEASHELLS;2040.0;1
13700;Penelope;Camilla;VOLCANIC_ROCK_VOUCHER_10000;SEASHELLS;147.0;11
13700;Penelope;Camilla;VOLCANIC_ROCK_VOUCHER_9500;SEASHELLS;621.0;11
13700;Penelope;Camilla;VOLCANIC_ROCK_VOUCHER_9750;SEASHELLS;373.0;11
13800;Caesar;Camilla;DJEMBES;SEASHELLS;13300.0;10
13800;Pablo;Charlie;RAINFOREST_RESIN;SEASHELLS;10002.0;5
14200;Paris;Caesar;DJEMBES;SEASHELLS;13302.0;2
14200;Pablo;Camilla;RAINFOREST_RESIN;SEASHELLS;10003.0;6
14300;Camilla;Caesar;VOLCANIC_ROCK_VOUCHER_10000;SEASHELLS;153.0;16
14300;Caesar;Caesar;VOLCANIC_ROCK_VOUCHER_10000;SEASHELLS;153.0;1
14300;Camilla;Caesar;VOLCANIC_ROCK_VOUCHER_10250;SEASHELLS;26.0;16
14300;Caesar;Caesar;VOLCANIC_ROCK_VOUCHER_10250;SEASHELLS;26.0;1
14300;Camilla;Caesar;VOLCANIC_ROCK_VOUCHER_10500;SEASHELLS;2.0;16
14300;Caesar;Caesar;VOLCANIC_ROCK_VOUCHER_10500;SEASHELLS;2.0;1
14300;Camilla;Caesar;VOLCANIC_ROCK_VOUCHER_9500;SEASHELLS;629.0;16
14300;Caesar;Caesar;VOLCANIC_ROCK_VOUCHER_9500;SEASHELLS;629.0;1
14300;Camilla;Caesar;VOLCANIC_ROCK_VOUCHER_9750;SEASHELLS;382.0;16
14300;Caesar;Caesar;VOLCANIC_ROCK_VOUCHER_9750;SEASHELLS;382.0;1
14400;Caesar;Paris;DJEMBES;SEASHELLS;13301.0;2
14500;Caesar;Camilla;JAMS;SEASHELLS;6515.0;3
14600;Caesar;Caesar;VOLCANIC_ROCK;SEASHELLS;10127.0;6
14600;Camilla;Caesar;VOLCANIC_ROCK_VOUCHER_10000;SEASHELLS;151.0;12
14600;Camilla;Caesar;VOLCANIC_ROCK_VOUCHER_10250;SEASHELLS;25.0;12
14600;Camilla;Caesar;VOLCANIC_ROCK_VOUCHER_10500;SEASHELLS;2.0;12
14600;Camilla;Caesar;VOLCANIC_ROCK_VOUCHER_9500;SEASHELLS;627.0;12
14600;Camilla;Caesar;VOLCANIC_ROCK_VOUCHER_9750;SEASHELLS;379.0;12
14700;Paris;Caesar;CROISSANTS;SEASHELLS;4238.0;5
14700;Charlie;Paris;KELP;SEASHELLS;2039.0;2
14700;Charlie;Paris;SQUID_INK;SEASHELLS;1853.0;2
14900;Paris;Caesar;CROISSANTS;SEASHELLS;4238.0;5
15000;Charlie;Paris;KELP;SEASHELLS;2039.0;1
15000;Camilla;Camilla;MAGNIFICENT_MACARONS;SEASHELLS;620.0;5
15000;Pablo;Caesar;PICNIC_BASKET1;SEASHELLS;58335.0;1
15000;Pablo;Camilla;PICNIC_BASKET1;SEASHELLS;58335.0;4
15000;Pablo;Caesar;PICNIC_BASKET2;SEASHELLS;30076.0;1
15000;Pablo;Camilla;PICNIC_BASKET2;SEASHELLS;30076.0;4
15000;Charlie;Paris;SQUID_INK;SEASHELLS;1852.0;1
15200;Pablo;Camilla;SQUID_INK;SEASHELLS;1853.0;2
15300;Pablo;Caesar;PICNIC_BASKET1;SEASHELLS;58325.0;2
15300;Pablo;Camilla;PICNIC_BASKET1;SEASHELLS;58325.0;4
15300;Charlie;Camilla;SQUID_INK;SEASHELLS;1852.0;1
15500;Charlie;Gina;KELP;SEASHELLS;2039.0;10
15500;Charlie;Gina;SQUID_INK;SEASHELLS;1849.0;10
15600;Caesar;Paris;MAGNIFICENT_MACARONS;SEASHELLS;614.0;4
15600;Pablo;Caesar;PICNIC_BASKET1;SEASHELLS;58324.0;1
15700;Caesar;Camilla;CROISSANTS;SEASHELLS;4236.0;9
15800;Charlie;Paris;RAINFOREST_RESIN;SEASHELLS;9999.0;1
15800;Camilla;Pablo;VOLCANIC_ROCK_VOUCHER_10000;SEASHELLS;155.0;6
15800;Camilla;Pablo;VOLCANIC_ROCK_VOUCHER_10250;SEASHELLS;26.0;6
15800;Camilla;Pablo;VOLCANIC_ROCK_VOUCHER_10500;SEASHELLS;2.0;6
15800;Camilla;Pablo;VOLCANIC_ROCK_VOUCHER_9500;SEASHELLS;632.0;6
15800;Camilla;Pablo;VOLCANIC_ROCK_VOUCHER_9750;SEASHELLS;384.0;6
15900;Paris;Camilla;KELP;SEASHELLS;2041.0;1
15900;Paris;Camilla;SQUID_INK;SEASHELLS;1856.0;1
16000;Charlie;Gina;KELP;SEASHELLS;2039.0;9
16000;Charlie;Gina;SQUID_INK;SEASHELLS;1854.0;9
16100;Caesar;Paris;JAMS;SEASHELLS;6514.0;9
16200;Charlie;Paris;KELP;SEASHELLS;2039.0;1
16200;Charlie;Paris;SQUID_INK;SEASHELLS;1850.0;1
16300;Charlie;Caesar;KELP;SEASHELLS;2040.0;2
16300;Charlie;Caesar;SQUID_INK;SEASHELLS;1849.0;2
16400;Caesar;Penelope;PICNIC_BASKET1;SEASHELLS;58319.0;1
16400;Camilla;Penelope;PICNIC_BASKET2;SEASHELLS;30062.0;6
16500;Charlie;Paris;RAINFOREST_RESIN;SEASHELLS;9999.0;1
16800;Pablo;Charlie;KELP;SEASHELLS;2041.0;4
16800;Paris;Charlie;MAGNIFICENT_MACARONS;SEASHELLS;630.0;7
16900;Caesar;Camilla;CROISSANTS;SEASHELLS;4236.0;6
17000;Paris;Caesar;DJEMBES;SEASHELLS;13307.0;2
17100;Paris;Charlie;KELP;SEASHELLS;2042.0;2
17100;Paris;Charlie;SQUID_INK;SEASHELLS;1849.0;2
17300;Caesar;Camilla;JAMS;SEASHELLS;6514.0;11
17300;Paris;Paris;RAINFOREST_RESIN;SEASHELLS;10001.0;1
17600;Caesar;Paris;CROISSANTS;SEASHELLS;4238.0;6
17600;Camilla;Caesar;VOLCANIC_ROCK_VOUCHER_10000;SEASHELLS;158.0;16
17600;Caesar;Caesar;VOLCANIC_ROCK_VOUCHER_10000;SEASHELLS;158.0;2
17600;Camilla;Caesar;VOLCANIC_ROCK_VOUCHER_10250;SEASHELLS;28.0;16
17600;Caesar;Caesar;VOLCANIC_ROCK_VOUCHER_10250;SEASHELLS;28.0;2
17600;Camilla;Caesar;VOLCANIC_ROCK_VOUCHER_10500;SEASHELLS;2.0;16
17600;Caesar;Caesar;VOLCANIC_ROCK_VOUCHER_10500;SEASHELLS;2.0;2
17600;Camilla;Caesar;VOLCANIC_ROCK_VOUCHER_9500;SEASHELLS;639.0;16
17600;Caesar;Caesar;VOLCANIC_ROCK_VOUCHER_9500;SEASHELLS;639.0;2
17600;Camilla;Caesar;VOLCANIC_ROCK_VOUCHER_9750;SEASHELLS;390.0;16
17600;Caesar;Caesar;VOLCANIC_ROCK_VOUCHER_9750;SEASHELLS;390.0;2
17700;Paris;Camilla;JAMS;SEASHELLS;6514.0;8
17900;Caesar;Paris;CROISSANTS;SEASHELLS;4237.0;8
17900;Pablo;Camilla;KELP;SEASHELLS;2040.0;3
17900;Paris;Camilla;KELP;SEASHELLS;2040.0;1
17900;Charlie;Paris;KELP;SEASHELLS;2038.0;1
17900;Pablo;Camilla;SQUID_INK;SEASHELLS;1846.0;3
17900;Paris;Camilla;SQUID_INK;SEASHELLS;1846.0;1
17900;Charlie;Paris;SQUID_INK;SEASHELLS;1844.0;1
18000;Caesar;Paris;JAMS;SEASHELLS;6512.0;8
18300;Caesar;Paris;JAMS;SEASHELLS;6512.0;8
18300;Paris;Charlie;KELP;SEASHELLS;2040.0;1
18300;Paris;Charlie;SQUID_INK;SEASHELLS;1847.0;1
18400;Caesar;Camilla;DJEMBES;SEASHELLS;13303.0;7
18500;Charlie;Penelope;RAINFOREST_RESIN;SEASHELLS;9992.0;4
18700;Paris;Charlie;RAINFOREST_RESIN;SEASHELLS;10001.0;1
19100;Camilla;Paris;CROISSANTS;SEASHELLS;4235.0;5
19100;Paris;Caesar;JAMS;SEASHELLS;6515.0;5
19200;Paris;Camilla;JAMS;SEASHELLS;6514.0;3
19500;Caesar;Paris;SQUID_INK;SEASHELLS;1837.0;1
19700;Penelope;Charlie;RAINFOREST_RESIN;SEASHELLS;10008.0;5
19700;Paris;Charlie;RAINFOREST_RESIN;SEASHELLS;10001.0;1
19700;Camilla;Caesar;VOLCANIC_ROCK_VOUCHER_10000;SEASHELLS;159.0;11
19700;Camilla;Caesar;VOLCANIC_ROCK_VOUCHER_10250;SEASHELLS;27.0;11
19700;Camilla;Caesar;VOLCANIC_ROCK_VOUCHER_10500;SEASHELLS;2.0;11
19700;Camilla;Caesar;VOLCANIC_ROCK_VOUCHER_9500;SEASHELLS;636.0;11
19700;Camilla;Caesar;VOLCANIC_ROCK_VOUCHER_9750;SEASHELLS;388.0;11
20200;Paris;Charlie;RAINFOREST_RESIN;SEASHELLS;10001.0;1
20500;Caesar;Paris;JAMS;SEASHELLS;6514.0;10
20600;Charlie;Paris;KELP;SEASHELLS;2036.0;1
20600;Charlie;Paris;SQUID_INK;SEASHELLS;1835.0;1
20700;Paris;Caesar;JAMS;SEASHELLS;6515.0;6
20700;Charlie;Paris;RAINFOREST_RESIN;SEASHELLS;9992.0;2
20800;Caesar;Paris;CROISSANTS;SEASHELLS;4236.0;5
20900;Caesar;Paris;CROISSANTS;SEASHELLS;4236.0;6
20900;Caesar;Penelope;KELP;SEASHELLS;2037.0;1
20900;Charlie;Penelope;SQUID_INK;SEASHELLS;1839.0;11
21000;Charlie;Paris;RAINFOREST_RESIN;SEASHELLS;9992.0;2
21100;Charlie;Pablo;KELP;SEASHELLS;2037.0;5
21100;Charlie;Pablo;SQUID_INK;SEASHELLS;1840.0;5
21300;Caesar;Paris;JAMS;SEASHELLS;6513.0;5
21500;Charlie;Paris;KELP;SEASHELLS;2037.0;1
21500;Paris;Charlie;RAINFOREST_RESIN;SEASHELLS;10008.0;2
21500;Charlie;Paris;SQUID_INK;SEASHELLS;1842.0;1
21800;Paris;Caesar;DJEMBES;SEASHELLS;13305.0;5
22000;Gary;Charlie;KELP;SEASHELLS;2041.0;15
22000;Gary;Charlie;SQUID_INK;SEASHELLS;1845.0;15
22100;Caesar;Gina;RAINFOREST_RESIN;SEASHELLS;9997.0;7
22200;Penelope;Charlie;KELP;SEASHELLS;2041.0;8
22200;Paris;Charlie;MAGNIFICENT_MACARONS;SEASHELLS;639.0;5
22200;Penelope;Charlie;SQUID_INK;SEASHELLS;1846.0;8
22200;Caesar;Caesar;VOLCANIC_ROCK;SEASHELLS;10140.0;6
22300;Caesar;Camilla;CROISSANTS;SEASHELLS;4236.0;10
22400;Penelope;Camilla;KELP;SEASHELLS;2040.0;6
22400;Penelope;Charlie;KELP;SEASHELLS;2040.0;6
22400;Penelope;Camilla;SQUID_INK;SEASHELLS;1845.0;6
22400;Penelope;Charlie;SQUID_INK;SEASHELLS;1845.0;6
22500;Penelope;Charlie;PICNIC_BASKET1;SEASHELLS;58296.0;6
22500;Penelope;Charlie;PICNIC_BASKET2;SEASHELLS;30055.0;6
22600;Penelope;Charlie;KELP;SEASHELLS;2041.0;10
22600;Penelope;Charlie;SQUID_INK;SEASHELLS;1846.0;10
22700;Paris;Camilla;KELP;SEASHELLS;2040.0;1
22700;Paris;Camilla;SQUID_INK;SEASHELLS;1847.0;1
22700;Camilla;Pablo;VOLCANIC_ROCK_VOUCHER_10000;SEASHELLS;163.0;12
22700;Camilla;Pablo;VOLCANIC_ROCK_VOUCHER_10250;SEASHELLS;29.0;12
22700;Camilla;Pablo;VOLCANIC_ROCK_VOUCHER_10500;SEASHELLS;2.0;12
22700;Camilla;Pablo;VOLCANIC_ROCK_VOUCHER_9500;SEASHELLS;642.0;12
22700;Camilla;Pablo;VOLCANIC_ROCK_VOUCHER_9750;SEASHELLS;393.0;12
22800;Pablo;Caesar;VOLCANIC_ROCK;SEASHELLS;10141.0;3
22900;Paris;Caesar;JAMS;SEASHELLS;6512.0;9
22900;Camilla;Pablo;VOLCANIC_ROCK_VOUCHER_10000;SEASHELLS;162.0;7
22900;Camilla;Pablo;VOLCANIC_ROCK_VOUCHER_10250;SEASHELLS;29.0;7
22900;Camilla;Pablo;VOLCANIC_ROCK_VOUCHER_10500;SEASHELLS;2.0;7
22900;Camilla;Pablo;VOLCANIC_ROCK_VOUCHER_9500;SEASHELLS;641.0;7
22900;Camilla;Pablo;VOLCANIC_ROCK_VOUCHER_9750;SEASHELLS;392.0;7
23000;Penelope;Caesar;PICNIC_BASKET1;SEASHELLS;58295.0;1
23000;Penelope;Camilla;PICNIC_BASKET2;SEASHELLS;30059.0;6
23000;Camilla;Caesar;VOLCANIC_ROCK_VOUCHER_10000;SEASHELLS;161.0;13
23000;Caesar;Caesar;VOLCANIC_ROCK_VOUCHER_10000;SEASHELLS;161.0;1
23000;Camilla;Caesar;VOLCANIC_ROCK_VOUCHER_10250;SEASHELLS;29.0;13
23000;Caesar;Caesar;VOLCANIC_ROCK_VOUCHER_10250;SEASHELLS;29.0;1
23000;Camilla;Caesar;VOLCANIC_ROCK_VOUCHER_10500;SEASHELLS;2.0;13
23000;Caesar;Caesar;VOLCANIC_ROCK_VOUCHER_10500;SEASHELLS;2.0;1
23000;Camilla;Caesar;VOLCANIC_ROCK_VOUCHER_9500;SEASHELLS;641.0;13
23000;Caesar;Caesar;VOLCANIC_ROCK_VOUCHER_9500;SEASHELLS;641.0;1
23000;Camilla;Caesar;VOLCANIC_ROCK_VOUCHER_9750;SEASHELLS;393.0;13
23000;Caesar;Caesar;VOLCANIC_ROCK_VOUCHER_9750;SEASHELLS;393.0;1
23200;Paris;Caesar;CROISSANTS;SEASHELLS;4236.0;7
23400;Caesar;Paris;CROISSANTS;SEASHELLS;4235.0;8
23500;Caesar;Paris;CROISSANTS;SEASHELLS;4235.0;8
23500;Caesar;Paris;DJEMBES;SEASHELLS;13301.0;4
23600;Charlie;Paris;KELP;SEASHELLS;2038.0;1
23600;Paris;Charlie;RAINFOREST_RESIN;SEASHELLS;10008.0;1
23700;Caesar;Paris;CROISSANTS;SEASHELLS;4235.0;8
23700;Paris;Caesar;DJEMBES;SEASHELLS;13303.0;3
23800;Gary;Charlie;KELP;SEASHELLS;2041.0;14
23800;Gary;Charlie;SQUID_INK;SEASHELLS;1849.0;14
23900;Caesar;Paris;JAMS;SEASHELLS;6510.0;6
24200;Caesar;Paris;JAMS;SEASHELLS;6512.0;5
24300;Charlie;Gina;RAINFOREST_RESIN;SEASHELLS;9997.0;7
24400;Paris;Charlie;KELP;SEASHELLS;2040.0;1
24400;Paris;Charlie;SQUID_INK;SEASHELLS;1851.0;1
24400;Camilla;Caesar;VOLCANIC_ROCK_VOUCHER_10000;SEASHELLS;164.0;16
24400;Camilla;Caesar;VOLCANIC_ROCK_VOUCHER_10250;SEASHELLS;29.0;16
24400;Camilla;Caesar;VOLCANIC_ROCK_VOUCHER_10500;SEASHELLS;2.0;16
24400;Camilla;Caesar;VOLCANIC_ROCK_VOUCHER_9500;SEASHELLS;642.0;16
24400;Camilla;Caesar;VOLCANIC_ROCK_VOUCHER_9750;SEASHELLS;394.0;16
24500;Charlie;Paris;KELP;SEASHELLS;2037.0;1
24500;Paris;Charlie;RAINFOREST_RESIN;SEASHELLS;10008.0;2
24500;Charlie;Paris;SQUID_INK;SEASHELLS;1848.0;1
24600;Paris;Camilla;KELP;SEASHELLS;2040.0;1
24600;Pablo;Charlie;RAINFOREST_RESIN;SEASHELLS;10002.0;4
24600;Paris;Camilla;SQUID_INK;SEASHELLS;1849.0;1
24700;Caesar;Camilla;CROISSANTS;SEASHELLS;4236.0;6
24700;Pablo;Caesar;RAINFOREST_RESIN;SEASHELLS;10002.0;4
24900;Paris;Charlie;RAINFOREST_RESIN;SEASHELLS;10001.0;1
25000;Penelope;Charlie;RAINFOREST_RESIN;SEASHELLS;10008.0;5
25200;Charlie;Pablo;KELP;SEASHELLS;2038.0;5
25200;Charlie;Pablo;RAINFOREST_RESIN;SEASHELLS;9998.0;5
25200;Charlie;Pablo;SQUID_INK;SEASHELLS;1850.0;5
25300;Caesar;Paris;CROISSANTS;SEASHELLS;4237.0;5
25300;Caesar;Paris;JAMS;SEASHELLS;6511.0;8
25500;Paris;Caesar;JAMS;SEASHELLS;6513.0;4
25500;Caesar;Paris;KELP;SEASHELLS;2038.0;1
25500;Charlie;Paris;SQUID_INK;SEASHELLS;1849.0;1
25500;Caesar;Caesar;VOLCANIC_ROCK;SEASHELLS;10147.0;10
25600;Caesar;Paris;CROISSANTS;SEASHELLS;4237.0;8
25800;Paris;Charlie;KELP;SEASHELLS;2041.0;1
25800;Paris;Charlie;SQUID_INK;SEASHELLS;1853.0;1
25900;Paris;Charlie;KELP;SEASHELLS;2041.0;2
25900;Paris;Charlie;KELP;SEASHELLS;2040.0;1
25900;Paris;Charlie;SQUID_INK;SEASHELLS;1852.0;2
25900;Paris;Charlie;SQUID_INK;SEASHELLS;1851.0;1
26000;Charlie;Paris;KELP;SEASHELLS;2038.0;1
26000;Paris;Charlie;KELP;SEASHELLS;2041.0;1
26000;Charlie;Paris;SQUID_INK;SEASHELLS;1848.0;1
26000;Paris;Charlie;SQUID_INK;SEASHELLS;1851.0;1
26200;Caesar;Camilla;JAMS;SEASHELLS;6512.0;12
26500;Caesar;Camilla;JAMS;SEASHELLS;6512.0;6
26500;Penelope;Charlie;RAINFOREST_RESIN;SEASHELLS;10008.0;6
26600;Camilla;Caesar;VOLCANIC_ROCK_VOUCHER_10000;SEASHELLS;158.0;12
26600;Caesar;Caesar;VOLCANIC_ROCK_VOUCHER_10000;SEASHELLS;158.0;1
26600;Camilla;Caesar;VOLCANIC_ROCK_VOUCHER_10250;SEASHELLS;28.0;12
26600;Caesar;Caesar;VOLCANIC_ROCK_VOUCHER_10250;SEASHELLS;28.0;1
26600;Camilla;Caesar;VOLCANIC_ROCK_VOUCHER_10500;SEASHELLS;2.0;12
26600;Caesar;Caesar;VOLCANIC_ROCK_VOUCHER_10500;SEASHELLS;2.0;1
26600;Camilla;Caesar;VOLCANIC_ROCK_VOUCHER_9500;SEASHELLS;637.0;12
26600;Caesar;Caesar;VOLCANIC_ROCK_VOUCHER_9500;SEASHELLS;637.0;1
26600;Camilla;Caesar;VOLCANIC_ROCK_VOUCHER_9750;SEASHELLS;389.0;12
26600;Caesar;Caesar;VOLCANIC_ROCK_VOUCHER_9750;SEASHELLS;389.0;1
26700;Charlie;Paris;KELP;SEASHELLS;2038.0;1
26700;Charlie;Gary;KELP;SEASHELLS;2038.0;14
26700;Camilla;Caesar;PICNIC_BASKET1;SEASHELLS;58279.0;1
26700;Camilla;Caesar;PICNIC_BASKET2;SEASHELLS;30051.0;1
26700;Charlie;Paris;SQUID_INK;SEASHELLS;1848.0;1
26700;Charlie;Gary;SQUID_INK;SEASHELLS;1848.0;14
26800;Caesar;Paris;JAMS;SEASHELLS;6514.0;7
27000;Camilla;Pablo;VOLCANIC_ROCK_VOUCHER_10000;SEASHELLS;158.0;7
27000;Camilla;Pablo;VOLCANIC_ROCK_VOUCHER_10250;SEASHELLS;28.0;7
27000;Camilla;Pablo;VOLCANIC_ROCK_VOUCHER_10500;SEASHELLS;2.0;7
27000;Camilla;Pablo;VOLCANIC_ROCK_VOUCHER_9500;SEASHELLS;637.0;7
27000;Camilla;Pablo;VOLCANIC_ROCK_VOUCHER_9750;SEASHELLS;389.0;7
27200;Camilla;Gary;KELP;SEASHELLS;2038.0;6
27200;Charlie;Gary;KELP;SEASHELLS;2038.0;6
27200;Pablo;Caesar;PICNIC_BASKET1;SEASHELLS;58299.0;2
27200;Paris;Charlie;RAINFOREST_RESIN;SEASHELLS;10008.0;2
27200;Camilla;Gary;SQUID_INK;SEASHELLS;1842.0;6
27200;Charlie;Gary;SQUID_INK;SEASHELLS;1842.0;6
27300;Caesar;Paris;JAMS;SEASHELLS;6516.0;8
27300;Pablo;Caesar;VOLCANIC_ROCK;SEASHELLS;10140.0;2
27500;Caesar;Camilla;JAMS;SEASHELLS;6515.0;4
27500;Charlie;Paris;RAINFOREST_RESIN;SEASHELLS;9992.0;1
27700;Camilla;Caesar;VOLCANIC_ROCK_VOUCHER_10000;SEASHELLS;161.0;13
27700;Camilla;Caesar;VOLCANIC_ROCK_VOUCHER_10250;SEASHELLS;29.0;13
27700;Camilla;Caesar;VOLCANIC_ROCK_VOUCHER_10500;SEASHELLS;2.0;13
27700;Camilla;Caesar;VOLCANIC_ROCK_VOUCHER_9500;SEASHELLS;644.0;13
27700;Camilla;Caesar;VOLCANIC_ROCK_VOUCHER_9750;SEASHELLS;396.0;13
28000;Charlie;Paris;KELP;SEASHELLS;2038.0;1
28000;Charlie;Gina;KELP;SEASHELLS;2039.0;8
28000;Charlie;Paris;SQUID_INK;SEASHELLS;1840.0;1
28000;Charlie;Gina;SQUID_INK;SEASHELLS;1840.0;8
28100;Paris;Caesar;KELP;SEASHELLS;2041.0;1
28100;Paris;Charlie;SQUID_INK;SEASHELLS;1844.0;1
28300;Paris;Charlie;MAGNIFICENT_MACARONS;SEASHELLS;636.0;5
28400;Camilla;Caesar;VOLCANIC_ROCK_VOUCHER_10000;SEASHELLS;168.0;11
28400;Camilla;Penelope;VOLCANIC_ROCK_VOUCHER_10000;SEASHELLS;168.0;3
28400;Caesar;Penelope;VOLCANIC_ROCK_VOUCHER_10000;SEASHELLS;168.0;1
28400;Camilla;Caesar;VOLCANIC_ROCK_VOUCHER_10250;SEASHELLS;32.0;11
28400;Camilla;Penelope;VOLCANIC_ROCK_VOUCHER_10250;SEASHELLS;32.0;3
28400;Caesar;Penelope;VOLCANIC_ROCK_VOUCHER_10250;SEASHELLS;32.0;1
28400;Camilla;Caesar;VOLCANIC_ROCK_VOUCHER_10500;SEASHELLS;3.0;11
28400;Camilla;Penelope;VOLCANIC_ROCK_VOUCHER_9500;SEASHELLS;652.0;14
28400;Caesar;Penelope;VOLCANIC_ROCK_VOUCHER_9500;SEASHELLS;652.0;1
28400;Camilla;Caesar;VOLCANIC_ROCK_VOUCHER_9750;SEASHELLS;404.0;11
28400;Camilla;Penelope;VOLCANIC_ROCK_VOUCHER_9750;SEASHELLS;404.0;3
28400;Caesar;Penelope;VOLCANIC_ROCK_VOUCHER_9750;SEASHELLS;404.0;1
28600;Caesar;Paris;DJEMBES;SEASHELLS;13302.0;3
28600;Paris;Pablo;KELP;SEASHELLS;2038.0;1
28600;Charlie;Pablo;KELP;SEASHELLS;2038.0;1
28600;Paris;Pablo;SQUID_INK;SEASHELLS;1841.0;1
29100;Paris;Caesar;CROISSANTS;SEASHELLS;4236.0;8
29200;Caesar;Camilla;JAMS;SEASHELLS;6516.0;6
29300;Camilla;Pablo;PICNIC_BASKET1;SEASHELLS;58287.0;5
29300;Camilla;Pablo;PICNIC_BASKET2;SEASHELLS;30062.0;5
29400;Pablo;Caesar;PICNIC_BASKET1;SEASHELLS;58299.0;2
29400;Paris;Charlie;RAINFOREST_RESIN;SEASHELLS;10008.0;2
29400;Caesar;Caesar;VOLCANIC_ROCK;SEASHELLS;10159.0;7
29600;Paris;Caesar;DJEMBES;SEASHELLS;13298.0;2
29600;Charlie;Pablo;KELP;SEASHELLS;2038.0;3
29600;Charlie;Pablo;SQUID_INK;SEASHELLS;1842.0;3
29700;Charlie;Caesar;KELP;SEASHELLS;2038.0;3
29700;Paris;Charlie;RAINFOREST_RESIN;SEASHELLS;10001.0;1
29700;Charlie;Caesar;SQUID_INK;SEASHELLS;1843.0;3
29700;Camilla;Caesar;VOLCANIC_ROCK_VOUCHER_10000;SEASHELLS;175.0;14
29700;Camilla;Caesar;VOLCANIC_ROCK_VOUCHER_10250;SEASHELLS;32.0;14
29700;Camilla;Caesar;VOLCANIC_ROCK_VOUCHER_10500;SEASHELLS;3.0;14
29700;Camilla;Caesar;VOLCANIC_ROCK_VOUCHER_9500;SEASHELLS;655.0;14
29700;Camilla;Caesar;VOLCANIC_ROCK_VOUCHER_9750;SEASHELLS;406.0;14
29900;Camilla;Pablo;VOLCANIC_ROCK_VOUCHER_10000;SEASHELLS;178.0;8
29900;Camilla;Pablo;VOLCANIC_ROCK_VOUCHER_10250;SEASHELLS;33.0;8
29900;Camilla;Pablo;VOLCANIC_ROCK_VOUCHER_10500;SEASHELLS;3.0;8
29900;Camilla;Pablo;VOLCANIC_ROCK_VOUCHER_9500;SEASHELLS;657.0;8
29900;Camilla;Pablo;VOLCANIC_ROCK_VOUCHER_9750;SEASHELLS;408.0;8
30200;Charlie;Paris;KELP;SEASHELLS;2036.0;2
30200;Caesar;Paris;MAGNIFICENT_MACARONS;SEASHELLS;627.0;6
30200;Charlie;Paris;SQUID_INK;SEASHELLS;1842.0;2
30400;Paris;Caesar;CROISSANTS;SEASHELLS;4237.0;5
30400;Paris;Caesar;JAMS;SEASHELLS;6518.0;9
30400;Charlie;Gary;KELP;SEASHELLS;2037.0;15
30400;Charlie;Gary;SQUID_INK;SEASHELLS;1841.0;15
30500;Paris;Paris;KELP;SEASHELLS;2037.0;1
30500;Charlie;Paris;SQUID_INK;SEASHELLS;1841.0;1
30500;Paris;Charlie;SQUID_INK;SEASHELLS;1844.0;2
30600;Paris;Caesar;DJEMBES;SEASHELLS;13293.0;2
30600;Caesar;Caesar;VOLCANIC_ROCK;SEASHELLS;10148.0;8
30700;Paris;Camilla;RAINFOREST_RESIN;SEASHELLS;10003.0;2
30800;Paris;Charlie;KELP;SEASHELLS;2038.0;1
30800;Paris;Charlie;SQUID_INK;SEASHELLS;1845.0;1
30800;Camilla;Penelope;VOLCANIC_ROCK_VOUCHER_10000;SEASHELLS;169.0;16
30800;Caesar;Penelope;VOLCANIC_ROCK_VOUCHER_10000;SEASHELLS;169.0;1
30800;Camilla;Penelope;VOLCANIC_ROCK_VOUCHER_9500;SEASHELLS;650.0;16
30800;Caesar;Penelope;VOLCANIC_ROCK_VOUCHER_9500;SEASHELLS;650.0;1
30800;Camilla;Penelope;VOLCANIC_ROCK_VOUCHER_9750;SEASHELLS;401.0;16
30800;Caesar;Penelope;VOLCANIC_ROCK_VOUCHER_9750;SEASHELLS;401.0;1
30900;Paris;Caesar;DJEMBES;SEASHELLS;13294.0;5
30900;Caesar;Paris;JAMS;SEASHELLS;6515.0;10
31000;Caesar;Paris;DJEMBES;SEASHELLS;13292.0;1
31100;Charlie;Paris;KELP;SEASHELLS;2036.0;1
31100;Charlie;Paris;SQUID_INK;SEASHELLS;1842.0;1
31200;Camilla;Caesar;VOLCANIC_ROCK_VOUCHER_10000;SEASHELLS;164.0;17
31200;Caesar;Caesar;VOLCANIC_ROCK_VOUCHER_10000;SEASHELLS;164.0;2
31200;Camilla;Caesar;VOLCANIC_ROCK_VOUCHER_10250;SEASHELLS;29.0;17
31200;Caesar;Caesar;VOLCANIC_ROCK_VOUCHER_10250;SEASHELLS;29.0;2
31200;Camilla;Caesar;VOLCANIC_ROCK_VOUCHER_10500;SEASHELLS;2.0;17
31200;Caesar;Caesar;VOLCANIC_ROCK_VOUCHER_10500;SEASHELLS;2.0;2
31200;Camilla;Caesar;VOLCANIC_ROCK_VOUCHER_9500;SEASHELLS;643.0;17
31200;Caesar;Caesar;VOLCANIC_ROCK_VOUCHER_9500;SEASHELLS;643.0;2
31200;Camilla;Caesar;VOLCANIC_ROCK_VOUCHER_9750;SEASHELLS;395.0;17
31200;Caesar;Caesar;VOLCANIC_ROCK_VOUCHER_9750;SEASHELLS;395.0;2
31400;Caesar;Paris;DJEMBES;SEASHELLS;13293.0;1
31400;Charlie;Paris;KELP;SEASHELLS;2036.0;1
31400;Paris;Charlie;RAINFOREST_RESIN;SEASHELLS;10001.0;1
31400;Charlie;Paris;SQUID_INK;SEASHELLS;1845.0;1
31500;Paris;Charlie;KELP;SEASHELLS;2038.0;1
31500;Paris;Charlie;SQUID_INK;SEASHELLS;1847.0;1
31500;Camilla;Pablo;VOLCANIC_ROCK_VOUCHER_10000;SEASHELLS;158.0;6
31500;Camilla;Pablo;VOLCANIC_ROCK_VOUCHER_10250;SEASHELLS;28.0;6
31500;Camilla;Pablo;VOLCANIC_ROCK_VOUCHER_10500;SEASHELLS;2.0;6
31500;Camilla;Pablo;VOLCANIC_ROCK_VOUCHER_9500;SEASHELLS;638.0;6
31500;Camilla;Pablo;VOLCANIC_ROCK_VOUCHER_9750;SEASHELLS;389.0;6
31600;Peter;Caesar;VOLCANIC_ROCK;SEASHELLS;10143.0;5
31900;Paris;Charlie;KELP;SEASHELLS;2039.0;1
31900;Paris;Charlie;SQUID_INK;SEASHELLS;1850.0;1
32000;Caesar;Caesar;VOLCANIC_ROCK;SEASHELLS;10138.0;5
32200;Paris;Camilla;KELP;SEASHELLS;2039.0;1
32200;Paris;Camilla;SQUID_INK;SEASHELLS;1849.0;1
32300;Paris;Caesar;DJEMBES;SEASHELLS;13293.0;2
32300;Pablo;Caesar;KELP;SEASHELLS;2038.0;3
32300;Pablo;Caesar;SQUID_INK;SEASHELLS;1848.0;3
32400;Camilla;Paris;KELP;SEASHELLS;2037.0;1
32400;Camilla;Camilla;MAGNIFICENT_MACARONS;SEASHELLS;635.0;2
32400;Camilla;Paris;SQUID_INK;SEASHELLS;1846.0;1
32600;Camilla;Paris;KELP;SEASHELLS;2037.0;1
32600;Paris;Pablo;RAINFOREST_RESIN;SEASHELLS;9998.0;1
32600;Charlie;Pablo;RAINFOREST_RESIN;SEASHELLS;9998.0;3
32600;Camilla;Paris;SQUID_INK;SEASHELLS;1846.0;1
32700;Caesar;Camilla;CROISSANTS;SEASHELLS;4236.0;10
32700;Charlie;Pablo;RAINFOREST_RESIN;SEASHELLS;9992.0;4
32800;Pablo;Camilla;PICNIC_BASKET1;SEASHELLS;58309.0;4
32800;Pablo;Camilla;PICNIC_BASKET2;SEASHELLS;30071.0;4
32900;Paris;Camilla;KELP;SEASHELLS;2039.0;1
32900;Paris;Camilla;SQUID_INK;SEASHELLS;1846.0;1
33000;Camilla;Paris;KELP;SEASHELLS;2038.0;2
33000;Camilla;Paris;SQUID_INK;SEASHELLS;1844.0;2
33200;Paris;Charlie;KELP;SEASHELLS;2039.0;1
33200;Paris;Charlie;SQUID_INK;SEASHELLS;1845.0;1
33300;Caesar;Paris;JAMS;SEASHELLS;6514.0;4
33300;Charlie;Penelope;RAINFOREST_RESIN;SEASHELLS;9992.0;5
33300;Pablo;Caesar;VOLCANIC_ROCK;SEASHELLS;10134.0;1
33400;Caesar;Paris;JAMS;SEASHELLS;6513.0;4
33600;Caesar;Paris;CROISSANTS;SEASHELLS;4236.0;7
33600;Caesar;Paris;DJEMBES;SEASHELLS;13293.0;1
33800;Caesar;Paris;DJEMBES;SEASHELLS;13292.0;2
33900;Caesar;Camilla;CROISSANTS;SEASHELLS;4236.0;5
34000;Paris;Camilla;RAINFOREST_RESIN;SEASHELLS;10003.0;1
34300;Charlie;Paris;KELP;SEASHELLS;2037.0;1
34300;Charlie;Paris;KELP;SEASHELLS;2038.0;1
34300;Gary;Charlie;RAINFOREST_RESIN;SEASHELLS;10008.0;10
34300;Charlie;Paris;SQUID_INK;SEASHELLS;1839.0;1
34300;Charlie;Paris;SQUID_INK;SEASHELLS;1839.0;1
34300;Charlie;Caesar;SQUID_INK;SEASHELLS;1840.0;5
34300;Pablo;Caesar;VOLCANIC_ROCK;SEASHELLS;10133.0;3
34300;Camilla;Penelope;VOLCANIC_ROCK_VOUCHER_10000;SEASHELLS;153.0;14
34300;Camilla;Penelope;VOLCANIC_ROCK_VOUCHER_10250;SEASHELLS;27.0;14
34300;Camilla;Penelope;VOLCANIC_ROCK_VOUCHER_9500;SEASHELLS;632.0;14
34300;Camilla;Penelope;VOLCANIC_ROCK_VOUCHER_9750;SEASHELLS;384.0;14
34400;Paris;Caesar;DJEMBES;SEASHELLS;13293.0;4
34400;Caesar;Camilla;JAMS;SEASHELLS;6514.0;5
34400;Caesar;Paris;JAMS;SEASHELLS;6514.0;4
34600;Paris;Caesar;CROISSANTS;SEASHELLS;4236.0;5
34800;Paris;Caesar;CROISSANTS;SEASHELLS;4236.0;8
34800;Caesar;Camilla;JAMS;SEASHELLS;6514.0;11
34900;Caesar;Gary;KELP;SEASHELLS;2037.0;2
34900;Charlie;Gary;SQUID_INK;SEASHELLS;1836.0;13
35100;Paris;Caesar;DJEMBES;SEASHELLS;13293.0;1
35100;Charlie;Paris;KELP;SEASHELLS;2037.0;2
35100;Penelope;Camilla;PICNIC_BASKET1;SEASHELLS;58296.0;6
35100;Penelope;Camilla;PICNIC_BASKET2;SEASHELLS;30064.0;6
35100;Charlie;Paris;SQUID_INK;SEASHELLS;1835.0;2
35400;Charlie;Penelope;KELP;SEASHELLS;2037.0;4
35400;Charlie;Paris;KELP;SEASHELLS;2037.0;2
35400;Charlie;Penelope;SQUID_INK;SEASHELLS;1836.0;4
35400;Charlie;Paris;SQUID_INK;SEASHELLS;1836.0;2
35400;Camilla;Caesar;VOLCANIC_ROCK_VOUCHER_10000;SEASHELLS;148.0;13
35400;Camilla;Caesar;VOLCANIC_ROCK_VOUCHER_10250;SEASHELLS;25.0;13
35400;Camilla;Caesar;VOLCANIC_ROCK_VOUCHER_10500;SEASHELLS;2.0;13
35400;Camilla;Caesar;VOLCANIC_ROCK_VOUCHER_9500;SEASHELLS;627.0;13
35400;Camilla;Caesar;VOLCANIC_ROCK_VOUCHER_9750;SEASHELLS;378.0;13
35800;Paris;Charlie;KELP;SEASHELLS;2038.0;1
35800;Paris;Charlie;SQUID_INK;SEASHELLS;1839.0;1
35800;Camilla;Caesar;VOLCANIC_ROCK_VOUCHER_10000;SEASHELLS;160.0;14
35800;Camilla;Caesar;VOLCANIC_ROCK_VOUCHER_10250;SEASHELLS;27.0;14
35800;Camilla;Caesar;VOLCANIC_ROCK_VOUCHER_10500;SEASHELLS;2.0;14
35800;Camilla;Caesar;VOLCANIC_ROCK_VOUCHER_9500;SEASHELLS;634.0;14
35800;Camilla;Caesar;VOLCANIC_ROCK_VOUCHER_9750;SEASHELLS;385.0;14
35900;Charlie;Paris;RAINFOREST_RESIN;SEASHELLS;9992.0;2
36000;Charlie;Pablo;KELP;SEASHELLS;2037.0;2
36000;Charlie;Pablo;SQUID_INK;SEASHELLS;1837.0;2
36200;Camilla;Penelope;VOLCANIC_ROCK_VOUCHER_10000;SEASHELLS;150.0;16
36200;Caesar;Penelope;VOLCANIC_ROCK_VOUCHER_10000;SEASHELLS;150.0;2
36200;Camilla;Penelope;VOLCANIC_ROCK_VOUCHER_10250;SEASHELLS;26.0;16
36200;Caesar;Penelope;VOLCANIC_ROCK_VOUCHER_10250;SEASHELLS;26.0;2
36200;Camilla;Penelope;VOLCANIC_ROCK_VOUCHER_9500;SEASHELLS;629.0;16
36200;Caesar;Penelope;VOLCANIC_ROCK_VOUCHER_9500;SEASHELLS;629.0;2
36200;Camilla;Penelope;VOLCANIC_ROCK_VOUCHER_9750;SEASHELLS;380.0;16
36200;Caesar;Penelope;VOLCANIC_ROCK_VOUCHER_9750;SEASHELLS;380.0;2
36400;Caesar;Pablo;VOLCANIC_ROCK;SEASHELLS;10126.0;1
36600;Charlie;Pablo;KELP;SEASHELLS;2037.0;3
36600;Charlie;Pablo;SQUID_INK;SEASHELLS;1837.0;3
36800;Caesar;Camilla;JAMS;SEASHELLS;6513.0;4
36800;Penelope;Charlie;RAINFOREST_RESIN;SEASHELLS;10008.0;6
36900;Charlie;Pablo;RAINFOREST_RESIN;SEASHELLS;9998.0;4
36900;Camilla;Pablo;VOLCANIC_ROCK_VOUCHER_10000;SEASHELLS;156.0;6
36900;Camilla;Pablo;VOLCANIC_ROCK_VOUCHER_10250;SEASHELLS;26.0;6
36900;Camilla;Pablo;VOLCANIC_ROCK_VOUCHER_10500;SEASHELLS;2.0;6
36900;Camilla;Pablo;VOLCANIC_ROCK_VOUCHER_9500;SEASHELLS;632.0;6
36900;Camilla;Pablo;VOLCANIC_ROCK_VOUCHER_9750;SEASHELLS;383.0;6
37000;Caesar;Paris;DJEMBES;SEASHELLS;13292.0;5
37100;Caesar;Penelope;PICNIC_BASKET1;SEASHELLS;58272.0;2
37100;Camilla;Penelope;PICNIC_BASKET2;SEASHELLS;30061.0;8
37100;Paris;Charlie;SQUID_INK;SEASHELLS;1838.0;1
37400;Paris;Caesar;JAMS;SEASHELLS;6515.0;4
37400;Camilla;Pablo;VOLCANIC_ROCK_VOUCHER_10000;SEASHELLS;149.0;6
37400;Camilla;Pablo;VOLCANIC_ROCK_VOUCHER_10250;SEASHELLS;25.0;6
37400;Camilla;Pablo;VOLCANIC_ROCK_VOUCHER_10500;SEASHELLS;2.0;6
37400;Camilla;Pablo;VOLCANIC_ROCK_VOUCHER_9500;SEASHELLS;628.0;6
37400;Camilla;Pablo;VOLCANIC_ROCK_VOUCHER_9750;SEASHELLS;380.0;6
37500;Penelope;Charlie;RAINFOREST_RESIN;SEASHELLS;10008.0;5
37500;Caesar;Caesar;VOLCANIC_ROCK;SEASHELLS;10126.0;10
37600;Paris;Caesar;JAMS;SEASHELLS;6515.0;6
37600;Camilla;Caesar;VOLCANIC_ROCK_VOUCHER_10000;SEASHELLS;156.0;15
37600;Camilla;Pablo;VOLCANIC_ROCK_VOUCHER_10000;SEASHELLS;156.0;4
37600;Camilla;Caesar;VOLCANIC_ROCK_VOUCHER_10250;SEASHELLS;26.0;15
37600;Camilla;Pablo;VOLCANIC_ROCK_VOUCHER_10250;SEASHELLS;26.0;4
37600;Camilla;Caesar;VOLCANIC_ROCK_VOUCHER_10500;SEASHELLS;2.0;15
37600;Camilla;Pablo;VOLCANIC_ROCK_VOUCHER_10500;SEASHELLS;2.0;4
37600;Camilla;Caesar;VOLCANIC_ROCK_VOUCHER_9500;SEASHELLS;630.0;15
37600;Camilla;Pablo;VOLCANIC_ROCK_VOUCHER_9500;SEASHELLS;630.0;4
37600;Camilla;Caesar;VOLCANIC_ROCK_VOUCHER_9750;SEASHELLS;382.0;15
37600;Camilla;Pablo;VOLCANIC_ROCK_VOUCHER_9750;SEASHELLS;382.0;4
37800;Caesar;Paris;DJEMBES;SEASHELLS;13291.0;2
37800;Paris;Charlie;SQUID_INK;SEASHELLS;1838.0;1
37900;Charlie;Paris;RAINFOREST_RESIN;SEASHELLS;9992.0;1
37900;Paris;Charlie;SQUID_INK;SEASHELLS;1837.0;1
38000;Paris;Caesar;CROISSANTS;SEASHELLS;4237.0;7
38200;Caesar;Caesar;VOLCANIC_ROCK;SEASHELLS;10137.0;9
38400;Caesar;Paris;DJEMBES;SEASHELLS;13290.0;4
38400;Penelope;Charlie;KELP;SEASHELLS;2040.0;14
38400;Penelope;Charlie;SQUID_INK;SEASHELLS;1839.0;14
38400;Caesar;Caesar;VOLCANIC_ROCK;SEASHELLS;10140.0;5
38500;Pablo;Charlie;RAINFOREST_RESIN;SEASHELLS;10008.0;6
38600;Caesar;Pablo;PICNIC_BASKET1;SEASHELLS;58303.0;1
38600;Caesar;Pablo;PICNIC_BASKET2;SEASHELLS;30073.0;1
38600;Charlie;Pablo;PICNIC_BASKET2;SEASHELLS;30072.0;6
39000;Caesar;Pablo;KELP;SEASHELLS;2038.0;2
39000;Charlie;Pablo;KELP;SEASHELLS;2038.0;3
39000;Charlie;Pablo;SQUID_INK;SEASHELLS;1838.0;5
39100;Caesar;Paris;MAGNIFICENT_MACARONS;SEASHELLS;602.0;5
39200;Penelope;Pablo;KELP;SEASHELLS;2038.0;5
39200;Penelope;Paris;KELP;SEASHELLS;2038.0;1
39200;Charlie;Paris;SQUID_INK;SEASHELLS;1837.0;1
39200;Penelope;Pablo;SQUID_INK;SEASHELLS;1838.0;5
39500;Caesar;Paris;DJEMBES;SEASHELLS;13289.0;3
39500;Gina;Charlie;KELP;SEASHELLS;2040.0;7
39700;Charlie;Pablo;KELP;SEASHELLS;2038.0;4
39700;Charlie;Pablo;SQUID_INK;SEASHELLS;1839.0;4
39800;Paris;Caesar;CROISSANTS;SEASHELLS;4240.0;6
39800;Paris;Charlie;KELP;SEASHELLS;2040.0;1
39900;Caesar;Caesar;VOLCANIC_ROCK;SEASHELLS;10135.0;10
40000;Caesar;Paris;CROISSANTS;SEASHELLS;4238.0;8
40000;Paris;Charlie;KELP;SEASHELLS;2041.0;1
40000;Paris;Charlie;RAINFOREST_RESIN;SEASHELLS;10008.0;1
40000;Paris;Caesar;SQUID_INK;SEASHELLS;1842.0;1
40400;Caesar;Paris;JAMS;SEASHELLS;6513.0;6
40400;Paris;Charlie;RAINFOREST_RESIN;SEASHELLS;10001.0;1
40600;Charlie;Paris;KELP;SEASHELLS;2036.0;1
40600;Caesar;Paris;SQUID_INK;SEASHELLS;1840.0;1
40600;Camilla;Penelope;VOLCANIC_ROCK_VOUCHER_10000;SEASHELLS;153.0;13
40600;Camilla;Penelope;VOLCANIC_ROCK_VOUCHER_9500;SEASHELLS;631.0;13
40600;Camilla;Penelope;VOLCANIC_ROCK_VOUCHER_9750;SEASHELLS;382.0;13
40700;Camilla;Paris;KELP;SEASHELLS;2037.0;1
40700;Camilla;Paris;SQUID_INK;SEASHELLS;1839.0;1
40800;Paris;Caesar;JAMS;SEASHELLS;6515.0;5
40800;Charlie;Paris;KELP;SEASHELLS;2036.0;1
40800;Charlie;Paris;SQUID_INK;SEASHELLS;1838.0;1
40900;Caesar;Paris;JAMS;SEASHELLS;6514.0;9
41000;Camilla;Pablo;KELP;SEASHELLS;2037.0;2
41000;Pablo;Charlie;RAINFOREST_RESIN;SEASHELLS;10002.0;4
41000;Camilla;Pablo;SQUID_INK;SEASHELLS;1839.0;2
41100;Caesar;Paris;JAMS;SEASHELLS;6514.0;9
41200;Pablo;Pablo;RAINFOREST_RESIN;SEASHELLS;9998.0;3
41200;Caesar;Pablo;VOLCANIC_ROCK;SEASHELLS;10126.0;3
41300;Caesar;Paris;CROISSANTS;SEASHELLS;4237.0;7
41300;Paris;Charlie;KELP;SEASHELLS;2038.0;1
41300;Paris;Charlie;SQUID_INK;SEASHELLS;1842.0;1
41700;Camilla;Caesar;MAGNIFICENT_MACARONS;SEASHELLS;600.0;3
41800;Charlie;Gary;RAINFOREST_RESIN;SEASHELLS;9992.0;10
42000;Charlie;Penelope;RAINFOREST_RESIN;SEASHELLS;9992.0;6
42000;Peter;Caesar;VOLCANIC_ROCK;SEASHELLS;10134.0;7
42100;Caesar;Paris;CROISSANTS;SEASHELLS;4237.0;8
42100;Camilla;Caesar;VOLCANIC_ROCK_VOUCHER_10000;SEASHELLS;156.0;13
42100;Caesar;Caesar;VOLCANIC_ROCK_VOUCHER_10000;SEASHELLS;156.0;2
42100;Camilla;Caesar;VOLCANIC_ROCK_VOUCHER_10250;SEASHELLS;27.0;13
42100;Caesar;Caesar;VOLCANIC_ROCK_VOUCHER_10250;SEASHELLS;27.0;2
42100;Camilla;Caesar;VOLCANIC_ROCK_VOUCHER_10500;SEASHELLS;2.0;13
42100;Caesar;Caesar;VOLCANIC_ROCK_VOUCHER_10500;SEASHELLS;2.0;2
42100;Camilla;Caesar;VOLCANIC_ROCK_VOUCHER_9500;SEASHELLS;633.0;13
42100;Caesar;Caesar;VOLCANIC_ROCK_VOUCHER_9500;SEASHELLS;633.0;2
42100;Camilla;Caesar;VOLCANIC_ROCK_VOUCHER_9750;SEASHELLS;385.0;13
42100;Caesar;Caesar;VOLCANIC_ROCK_VOUCHER_9750;SEASHELLS;385.0;2
42200;Charlie;Paris;KELP;SEASHELLS;2036.0;1
42400;Caesar;Paris;DJEMBES;SEASHELLS;13286.0;2
42500;Camilla;Pablo;PICNIC_BASKET1;SEASHELLS;58304.0;6
42500;Camilla;Pablo;PICNIC_BASKET2;SEASHELLS;30069.0;6
42500;Gary;Charlie;RAINFOREST_RESIN;SEASHELLS;10008.0;7
42600;Paris;Caesar;DJEMBES;SEASHELLS;13289.0;3
42600;Paris;Caesar;JAMS;SEASHELLS;6516.0;8
42600;Charlie;Paris;KELP;SEASHELLS;2036.0;1
42600;Charlie;Paris;SQUID_INK;SEASHELLS;1841.0;1
42700;Caesar;Paris;JAMS;SEASHELLS;6514.0;4
42800;Caesar;Paris;CROISSANTS;SEASHELLS;4236.0;7
42800;Charlie;Pablo;KELP;SEASHELLS;2037.0;3
42800;Charlie;Pablo;SQUID_INK;SEASHELLS;1842.0;3
42900;Paris;Charlie;MAGNIFICENT_MACARONS;SEASHELLS;614.0;6
43000;Camilla;Caesar;VOLCANIC_ROCK_VOUCHER_10000;SEASHELLS;157.0;11
43000;Caesar;Caesar;VOLCANIC_ROCK_VOUCHER_10000;SEASHELLS;157.0;1
43000;Penelope;Caesar;VOLCANIC_ROCK_VOUCHER_10000;SEASHELLS;157.0;5
43000;Camilla;Caesar;VOLCANIC_ROCK_VOUCHER_10250;SEASHELLS;26.0;11
43000;Caesar;Caesar;VOLCANIC_ROCK_VOUCHER_10250;SEASHELLS;26.0;1
43000;Camilla;Caesar;VOLCANIC_ROCK_VOUCHER_10500;SEASHELLS;2.0;11
43000;Caesar;Caesar;VOLCANIC_ROCK_VOUCHER_10500;SEASHELLS;2.0;1
43000;Camilla;Caesar;VOLCANIC_ROCK_VOUCHER_9500;SEASHELLS;633.0;11
43000;Caesar;Caesar;VOLCANIC_ROCK_VOUCHER_9500;SEASHELLS;633.0;1
43000;Penelope;Caesar;VOLCANIC_ROCK_VOUCHER_9500;SEASHELLS;633.0;5
43000;Camilla;Caesar;VOLCANIC_ROCK_VOUCHER_9750;SEASHELLS;384.0;11
43000;Caesar;Caesar;VOLCANIC_ROCK_VOUCHER_9750;SEASHELLS;384.0;1
43000;Penelope;Caesar;VOLCANIC_ROCK_VOUCHER_9750;SEASHELLS;384.0;5
43100;Caesar;Camilla;CROISSANTS;SEASHELLS;4236.0;9
43200;Caesar;Caesar;VOLCANIC_ROCK;SEASHELLS;10130.0;7
43300;Caesar;Camilla;CROISSANTS;SEASHELLS;4236.0;9
43400;Paris;Charlie;KELP;SEASHELLS;2040.0;2
43400;Paris;Charlie;SQUID_INK;SEASHELLS;1845.0;2
43400;Camilla;Penelope;VOLCANIC_ROCK_VOUCHER_10000;SEASHELLS;156.0;15
43400;Camilla;Penelope;VOLCANIC_ROCK_VOUCHER_9500;SEASHELLS;632.0;15
43400;Camilla;Penelope;VOLCANIC_ROCK_VOUCHER_9750;SEASHELLS;383.0;15
43500;Paris;Camilla;KELP;SEASHELLS;2039.0;1
43500;Paris;Camilla;SQUID_INK;SEASHELLS;1844.0;1
43600;Gary;Camilla;KELP;SEASHELLS;2039.0;6
43600;Gary;Camilla;SQUID_INK;SEASHELLS;1843.0;6
43700;Gina;Camilla;KELP;SEASHELLS;2039.0;3
43700;Gary;Charlie;RAINFOREST_RESIN;SEASHELLS;10008.0;6
43700;Gina;Camilla;SQUID_INK;SEASHELLS;1844.0;3
43800;Charlie;Paris;KELP;SEASHELLS;2037.0;1
43800;Penelope;Charlie;RAINFOREST_RESIN;SEASHELLS;10008.0;4
44000;Paris;Caesar;KELP;SEASHELLS;2039.0;1
44000;Caesar;Paris;RAINFOREST_RESIN;SEASHELLS;9999.0;1
44000;Paris;Caesar;SQUID_INK;SEASHELLS;1845.0;1
44000;Caesar;Peter;VOLCANIC_ROCK;SEASHELLS;10132.0;9
44400;Paris;Caesar;DJEMBES;SEASHELLS;13292.0;3
44400;Camilla;Pablo;RAINFOREST_RESIN;SEASHELLS;9997.0;4
44400;Camilla;Caesar;VOLCANIC_ROCK_VOUCHER_10000;SEASHELLS;161.0;12
44400;Caesar;Caesar;VOLCANIC_ROCK_VOUCHER_10000;SEASHELLS;161.0;1
44400;Camilla;Caesar;VOLCANIC_ROCK_VOUCHER_10250;SEASHELLS;28.0;12
44400;Caesar;Caesar;VOLCANIC_ROCK_VOUCHER_10250;SEASHELLS;28.0;1
44400;Camilla;Caesar;VOLCANIC_ROCK_VOUCHER_10500;SEASHELLS;2.0;12
44400;Caesar;Caesar;VOLCANIC_ROCK_VOUCHER_10500;SEASHELLS;2.0;1
44400;Camilla;Caesar;VOLCANIC_ROCK_VOUCHER_9500;SEASHELLS;639.0;12
44400;Caesar;Caesar;VOLCANIC_ROCK_VOUCHER_9500;SEASHELLS;639.0;1
44400;Camilla;Caesar;VOLCANIC_ROCK_VOUCHER_9750;SEASHELLS;391.0;12
44400;Caesar;Caesar;VOLCANIC_ROCK_VOUCHER_9750;SEASHELLS;391.0;1
44600;Caesar;Camilla;DJEMBES;SEASHELLS;13291.0;3
44600;Caesar;Camilla;JAMS;SEASHELLS;6516.0;5
44600;Paris;Charlie;KELP;SEASHELLS;2039.0;1
44600;Paris;Charlie;SQUID_INK;SEASHELLS;1843.0;1
44600;Camilla;Pablo;VOLCANIC_ROCK_VOUCHER_10000;SEASHELLS;164.0;12
44600;Camilla;Pablo;VOLCANIC_ROCK_VOUCHER_10250;SEASHELLS;29.0;12
44600;Camilla;Pablo;VOLCANIC_ROCK_VOUCHER_10500;SEASHELLS;2.0;12
44600;Camilla;Pablo;VOLCANIC_ROCK_VOUCHER_9500;SEASHELLS;642.0;12
44600;Camilla;Pablo;VOLCANIC_ROCK_VOUCHER_9750;SEASHELLS;394.0;12
44700;Caesar;Paris;JAMS;SEASHELLS;6515.0;6
44700;Camilla;Camilla;MAGNIFICENT_MACARONS;SEASHELLS;585.0;4
44800;Paris;Caesar;DJEMBES;SEASHELLS;13293.0;5
44800;Camilla;Pablo;VOLCANIC_ROCK_VOUCHER_10000;SEASHELLS;170.0;10
44800;Caesar;Pablo;VOLCANIC_ROCK_VOUCHER_10000;SEASHELLS;170.0;2
44800;Camilla;Pablo;VOLCANIC_ROCK_VOUCHER_10250;SEASHELLS;30.0;10
44800;Caesar;Pablo;VOLCANIC_ROCK_VOUCHER_10250;SEASHELLS;30.0;2
44800;Camilla;Pablo;VOLCANIC_ROCK_VOUCHER_10500;SEASHELLS;2.0;10
44800;Caesar;Pablo;VOLCANIC_ROCK_VOUCHER_10500;SEASHELLS;2.0;2
44800;Camilla;Pablo;VOLCANIC_ROCK_VOUCHER_9500;SEASHELLS;649.0;10
44800;Caesar;Pablo;VOLCANIC_ROCK_VOUCHER_9500;SEASHELLS;649.0;2
44800;Camilla;Pablo;VOLCANIC_ROCK_VOUCHER_9750;SEASHELLS;400.0;10
44800;Caesar;Pablo;VOLCANIC_ROCK_VOUCHER_9750;SEASHELLS;400.0;2
45000;Charlie;Paris;KELP;SEASHELLS;2036.0;2
45000;Charlie;Paris;SQUID_INK;SEASHELLS;1842.0;2
45100;Caesar;Camilla;CROISSANTS;SEASHELLS;4236.0;6
45200;Caesar;Paris;CROISSANTS;SEASHELLS;4236.0;6
45200;Caesar;Paris;MAGNIFICENT_MACARONS;SEASHELLS;581.0;6
45300;Paris;Caesar;JAMS;SEASHELLS;6517.0;4
45400;Paris;Charlie;KELP;SEASHELLS;2039.0;2
45400;Paris;Charlie;SQUID_INK;SEASHELLS;1847.0;2
45500;Paris;Caesar;JAMS;SEASHELLS;6517.0;6
45500;Charlie;Paris;KELP;SEASHELLS;2036.0;1
45500;Camilla;Penelope;PICNIC_BASKET1;SEASHELLS;58293.0;10
45500;Camilla;Penelope;PICNIC_BASKET2;SEASHELLS;30064.0;10
45500;Charlie;Paris;SQUID_INK;SEASHELLS;1844.0;1
45600;Paris;Charlie;KELP;SEASHELLS;2038.0;1
45600;Paris;Charlie;SQUID_INK;SEASHELLS;1846.0;1
45700;Camilla;Caesar;VOLCANIC_ROCK_VOUCHER_10000;SEASHELLS;153.0;17
45700;Caesar;Caesar;VOLCANIC_ROCK_VOUCHER_10000;SEASHELLS;153.0;1
45700;Camilla;Caesar;VOLCANIC_ROCK_VOUCHER_10250;SEASHELLS;26.0;17
45700;Caesar;Caesar;VOLCANIC_ROCK_VOUCHER_10250;SEASHELLS;26.0;1
45700;Camilla;Caesar;VOLCANIC_ROCK_VOUCHER_10500;SEASHELLS;2.0;17
45700;Caesar;Caesar;VOLCANIC_ROCK_VOUCHER_10500;SEASHELLS;2.0;1
45700;Camilla;Caesar;VOLCANIC_ROCK_VOUCHER_9500;SEASHELLS;630.0;17
45700;Caesar;Caesar;VOLCANIC_ROCK_VOUCHER_9500;SEASHELLS;630.0;1
45700;Camilla;Caesar;VOLCANIC_ROCK_VOUCHER_9750;SEASHELLS;382.0;17
45700;Caesar;Caesar;VOLCANIC_ROCK_VOUCHER_9750;SEASHELLS;382.0;1
45900;Caesar;Pablo;PICNIC_BASKET1;SEASHELLS;58305.0;2
45900;Camilla;Pablo;PICNIC_BASKET1;SEASHELLS;58304.0;6
45900;Camilla;Pablo;PICNIC_BASKET2;SEASHELLS;30067.0;8
46000;Caesar;Paris;CROISSANTS;SEASHELLS;4236.0;7
46000;Camilla;Camilla;MAGNIFICENT_MACARONS;SEASHELLS;583.0;2
46000;Charlie;Paris;RAINFOREST_RESIN;SEASHELLS;9999.0;1
46100;Camilla;Pablo;VOLCANIC_ROCK_VOUCHER_10000;SEASHELLS;154.0;11
46100;Caesar;Pablo;VOLCANIC_ROCK_VOUCHER_10000;SEASHELLS;154.0;2
46100;Camilla;Pablo;VOLCANIC_ROCK_VOUCHER_10250;SEASHELLS;26.0;11
46100;Caesar;Pablo;VOLCANIC_ROCK_VOUCHER_10250;SEASHELLS;26.0;2
46100;Camilla;Pablo;VOLCANIC_ROCK_VOUCHER_10500;SEASHELLS;2.0;11
46100;Caesar;Pablo;VOLCANIC_ROCK_VOUCHER_10500;SEASHELLS;2.0;2
46100;Camilla;Pablo;VOLCANIC_ROCK_VOUCHER_9500;SEASHELLS;630.0;11
46100;Caesar;Pablo;VOLCANIC_ROCK_VOUCHER_9500;SEASHELLS;630.0;2
46100;Camilla;Pablo;VOLCANIC_ROCK_VOUCHER_9750;SEASHELLS;382.0;11
46100;Caesar;Pablo;VOLCANIC_ROCK_VOUCHER_9750;SEASHELLS;382.0;2
46200;Caesar;Paris;DJEMBES;SEASHELLS;13291.0;2
46200;Caesar;Paris;MAGNIFICENT_MACARONS;SEASHELLS;580.0;5
46200;Charlie;Paris;RAINFOREST_RESIN;SEASHELLS;9992.0;2
46300;Paris;Charlie;MAGNIFICENT_MACARONS;SEASHELLS;588.0;5
46400;Penelope;Camilla;VOLCANIC_ROCK_VOUCHER_10000;SEASHELLS;159.0;12
46400;Penelope;Camilla;VOLCANIC_ROCK_VOUCHER_9500;SEASHELLS;636.0;12
46400;Penelope;Camilla;VOLCANIC_ROCK_VOUCHER_9750;SEASHELLS;387.0;12
46500;Caesar;Pablo;RAINFOREST_RESIN;SEASHELLS;9998.0;5
46600;Paris;Caesar;DJEMBES;SEASHELLS;13292.0;4
46600;Pablo;Caesar;RAINFOREST_RESIN;SEASHELLS;10002.0;3
46600;Caesar;Caesar;VOLCANIC_ROCK;SEASHELLS;10138.0;5
46600;Penelope;Camilla;VOLCANIC_ROCK_VOUCHER_10000;SEASHELLS;162.0;16
46600;Penelope;Camilla;VOLCANIC_ROCK_VOUCHER_9500;SEASHELLS;640.0;16
46600;Penelope;Camilla;VOLCANIC_ROCK_VOUCHER_9750;SEASHELLS;391.0;16
46700;Caesar;Caesar;VOLCANIC_ROCK;SEASHELLS;10136.0;10
47300;Charlie;Paris;KELP;SEASHELLS;2036.0;1
47300;Charlie;Pablo;RAINFOREST_RESIN;SEASHELLS;9992.0;4
47300;Charlie;Paris;SQUID_INK;SEASHELLS;1844.0;1
47400;Camilla;Gary;KELP;SEASHELLS;2036.0;8
47400;Penelope;Charlie;KELP;SEASHELLS;2039.0;14
47400;Camilla;Gary;SQUID_INK;SEASHELLS;1845.0;8
47400;Penelope;Charlie;SQUID_INK;SEASHELLS;1848.0;14
47400;Caesar;Caesar;VOLCANIC_ROCK;SEASHELLS;10138.0;7
47800;Caesar;Paris;MAGNIFICENT_MACARONS;SEASHELLS;584.0;6
47900;Gary;Charlie;KELP;SEASHELLS;2039.0;10
47900;Gary;Charlie;SQUID_INK;SEASHELLS;1850.0;10
48000;Penelope;Camilla;KELP;SEASHELLS;2038.0;5
48000;Penelope;Camilla;SQUID_INK;SEASHELLS;1848.0;5
48100;Pablo;Caesar;VOLCANIC_ROCK;SEASHELLS;10140.0;3
48400;Caesar;Paris;DJEMBES;SEASHELLS;13294.0;2
48400;Penelope;Charlie;KELP;SEASHELLS;2039.0;6
48400;Penelope;Charlie;SQUID_INK;SEASHELLS;1847.0;6
48500;Caesar;Paris;CROISSANTS;SEASHELLS;4236.0;6
48600;Paris;Gary;KELP;SEASHELLS;2037.0;1
48600;Gary;Charlie;RAINFOREST_RESIN;SEASHELLS;10008.0;9
48600;Paris;Gary;SQUID_INK;SEASHELLS;1844.0;1
48700;Paris;Pablo;KELP;SEASHELLS;2036.0;1
48700;Caesar;Pablo;KELP;SEASHELLS;2036.0;1
48700;Paris;Pablo;SQUID_INK;SEASHELLS;1843.0;1
48800;Paris;Penelope;KELP;SEASHELLS;2038.0;1
48800;Paris;Penelope;SQUID_INK;SEASHELLS;1845.0;1
48900;Caesar;Camilla;CROISSANTS;SEASHELLS;4236.0;5
49000;Paris;Caesar;JAMS;SEASHELLS;6519.0;9
49000;Charlie;Penelope;RAINFOREST_RESIN;SEASHELLS;9992.0;7
49100;Caesar;Camilla;JAMS;SEASHELLS;6518.0;9
49300;Caesar;Camilla;JAMS;SEASHELLS;6518.0;12
49300;Penelope;Camilla;VOLCANIC_ROCK_VOUCHER_10000;SEASHELLS;172.0;12
49300;Penelope;Camilla;VOLCANIC_ROCK_VOUCHER_10250;SEASHELLS;32.0;12
49300;Penelope;Camilla;VOLCANIC_ROCK_VOUCHER_9500;SEASHELLS;653.0;12
49300;Penelope;Camilla;VOLCANIC_ROCK_VOUCHER_9750;SEASHELLS;404.0;12
49400;Caesar;Paris;RAINFOREST_RESIN;SEASHELLS;9999.0;1
49600;Charlie;Pablo;SQUID_INK;SEASHELLS;1844.0;2
49600;Camilla;Penelope;VOLCANIC_ROCK_VOUCHER_10000;SEASHELLS;173.0;14
49600;Caesar;Penelope;VOLCANIC_ROCK_VOUCHER_10000;SEASHELLS;173.0;1
49600;Camilla;Penelope;VOLCANIC_ROCK_VOUCHER_9500;SEASHELLS;655.0;14
49600;Caesar;Penelope;VOLCANIC_ROCK_VOUCHER_9500;SEASHELLS;655.0;1
49600;Camilla;Penelope;VOLCANIC_ROCK_VOUCHER_9750;SEASHELLS;406.0;14
49600;Caesar;Penelope;VOLCANIC_ROCK_VOUCHER_9750;SEASHELLS;406.0;1
49700;Charlie;Paris;KELP;SEASHELLS;2035.0;1
49700;Charlie;Paris;SQUID_INK;SEASHELLS;1843.0;1
49900;Paris;Charlie;KELP;SEASHELLS;2037.0;1
49900;Charlie;Penelope;RAINFOREST_RESIN;SEASHELLS;9992.0;8
49900;Paris;Charlie;SQUID_INK;SEASHELLS;1843.0;1
50100;Pablo;Charlie;RAINFOREST_RESIN;SEASHELLS;10002.0;4
50200;Peter;Caesar;VOLCANIC_ROCK;SEASHELLS;10161.0;6
50400;Caesar;Paris;JAMS;SEASHELLS;6521.0;7
50500;Pablo;Caesar;KELP;SEASHELLS;2038.0;4
50500;Pablo;Caesar;SQUID_INK;SEASHELLS;1846.0;4
50600;Camilla;Pablo;KELP;SEASHELLS;2036.0;2
50600;Charlie;Pablo;KELP;SEASHELLS;2036.0;2
50600;Camilla;Pablo;SQUID_INK;SEASHELLS;1845.0;2
50600;Charlie;Pablo;SQUID_INK;SEASHELLS;1845.0;2
50700;Charlie;Paris;RAINFOREST_RESIN;SEASHELLS;9992.0;1
50900;Caesar;Camilla;JAMS;SEASHELLS;6522.0;7
50900;Caesar;Paris;JAMS;SEASHELLS;6522.0;4
50900;Camilla;Pablo;KELP;SEASHELLS;2036.0;4
50900;Camilla;Pablo;SQUID_INK;SEASHELLS;1846.0;4
51100;Caesar;Camilla;DJEMBES;SEASHELLS;13292.0;4
51200;Camilla;Paris;CROISSANTS;SEASHELLS;4236.0;5
51300;Caesar;Paris;CROISSANTS;SEASHELLS;4236.0;5
51400;Paris;Caesar;DJEMBES;SEASHELLS;13294.0;2
51400;Paris;Caesar;RAINFOREST_RESIN;SEASHELLS;10001.0;1
51700;Caesar;Camilla;CROISSANTS;SEASHELLS;4236.0;7
51700;Charlie;Pablo;RAINFOREST_RESIN;SEASHELLS;9998.0;5
51800;Charlie;Paris;KELP;SEASHELLS;2036.0;2
51800;Charlie;Paris;SQUID_INK;SEASHELLS;1844.0;2
51900;Caesar;Paris;CROISSANTS;SEASHELLS;4236.0;7
52000;Camilla;Pablo;KELP;SEASHELLS;2036.0;1
52000;Charlie;Pablo;KELP;SEASHELLS;2036.0;3
52000;Gina;Charlie;RAINFOREST_RESIN;SEASHELLS;10003.0;6
52000;Paris;Charlie;RAINFOREST_RESIN;SEASHELLS;10001.0;1
52200;Caesar;Paris;MAGNIFICENT_MACARONS;SEASHELLS;588.0;5
52300;Camilla;Caesar;VOLCANIC_ROCK_VOUCHER_10000;SEASHELLS;171.0;10
52300;Camilla;Caesar;VOLCANIC_ROCK_VOUCHER_10250;SEASHELLS;32.0;10
52300;Camilla;Caesar;VOLCANIC_ROCK_VOUCHER_10500;SEASHELLS;3.0;10
52300;Camilla;Caesar;VOLCANIC_ROCK_VOUCHER_9500;SEASHELLS;654.0;10
52300;Camilla;Caesar;VOLCANIC_ROCK_VOUCHER_9750;SEASHELLS;405.0;10
52400;Charlie;Pablo;KELP;SEASHELLS;2036.0;3
52400;Caesar;Paris;MAGNIFICENT_MACARONS;SEASHELLS;588.0;6
52400;Charlie;Pablo;SQUID_INK;SEASHELLS;1844.0;3
52500;Camilla;Caesar;VOLCANIC_ROCK_VOUCHER_10000;SEASHELLS;176.0;13
52500;Caesar;Caesar;VOLCANIC_ROCK_VOUCHER_10000;SEASHELLS;176.0;2
52500;Camilla;Caesar;VOLCANIC_ROCK_VOUCHER_10250;SEASHELLS;33.0;13
52500;Caesar;Caesar;VOLCANIC_ROCK_VOUCHER_10250;SEASHELLS;33.0;2
52500;Camilla;Caesar;VOLCANIC_ROCK_VOUCHER_10500;SEASHELLS;3.0;13
52500;Caesar;Caesar;VOLCANIC_ROCK_VOUCHER_10500;SEASHELLS;3.0;2
52500;Camilla;Caesar;VOLCANIC_ROCK_VOUCHER_9500;SEASHELLS;657.0;13
52500;Caesar;Caesar;VOLCANIC_ROCK_VOUCHER_9500;SEASHELLS;657.0;2
52500;Camilla;Caesar;VOLCANIC_ROCK_VOUCHER_9750;SEASHELLS;408.0;13
52500;Caesar;Caesar;VOLCANIC_ROCK_VOUCHER_9750;SEASHELLS;408.0;2
52700;Paris;Camilla;KELP;SEASHELLS;2038.0;1
52700;Paris;Camilla;SQUID_INK;SEASHELLS;1846.0;1
52800;Peter;Caesar;VOLCANIC_ROCK;SEASHELLS;10160.0;6
52900;Charlie;Gary;KELP;SEASHELLS;2036.0;10
52900;Charlie;Gary;SQUID_INK;SEASHELLS;1844.0;10
52900;Caesar;Caesar;VOLCANIC_ROCK;SEASHELLS;10159.0;7
52900;Caesar;Peter;VOLCANIC_ROCK;SEASHELLS;10159.0;9
53000;Pablo;Caesar;PICNIC_BASKET1;SEASHELLS;58332.0;2
53100;Caesar;Paris;JAMS;SEASHELLS;6523.0;4
53100;Camilla;Penelope;PICNIC_BASKET1;SEASHELLS;58320.0;10
53100;Charlie;Penelope;PICNIC_BASKET2;SEASHELLS;30065.0;10
53200;Camilla;Caesar;VOLCANIC_ROCK_VOUCHER_10000;SEASHELLS;171.0;12
53200;Caesar;Caesar;VOLCANIC_ROCK_VOUCHER_10000;SEASHELLS;171.0;2
53200;Camilla;Caesar;VOLCANIC_ROCK_VOUCHER_10250;SEASHELLS;31.0;12
53200;Caesar;Caesar;VOLCANIC_ROCK_VOUCHER_10250;SEASHELLS;31.0;2
53200;Camilla;Caesar;VOLCANIC_ROCK_VOUCHER_10500;SEASHELLS;2.0;12
53200;Caesar;Caesar;VOLCANIC_ROCK_VOUCHER_10500;SEASHELLS;2.0;2
53200;Camilla;Caesar;VOLCANIC_ROCK_VOUCHER_9500;SEASHELLS;652.0;12
53200;Caesar;Caesar;VOLCANIC_ROCK_VOUCHER_9500;SEASHELLS;652.0;2
53200;Camilla;Caesar;VOLCANIC_ROCK_VOUCHER_9750;SEASHELLS;403.0;12
53200;Caesar;Caesar;VOLCANIC_ROCK_VOUCHER_9750;SEASHELLS;403.0;2
53300;Paris;Charlie;MAGNIFICENT_MACARONS;SEASHELLS;597.0;4
53300;Caesar;Caesar;VOLCANIC_ROCK;SEASHELLS;10155.0;6
53800;Camilla;Pablo;PICNIC_BASKET1;SEASHELLS;58313.0;3
53800;Camilla;Pablo;PICNIC_BASKET2;SEASHELLS;30060.0;3
53900;Paris;Caesar;JAMS;SEASHELLS;6524.0;5
53900;Paris;Charlie;RAINFOREST_RESIN;SEASHELLS;10008.0;2
53900;Charlie;Paris;SQUID_INK;SEASHELLS;1845.0;1
54000;Caesar;Paris;DJEMBES;SEASHELLS;13294.0;1
54100;Penelope;Camilla;VOLCANIC_ROCK_VOUCHER_10000;SEASHELLS;176.0;13
54100;Penelope;Camilla;VOLCANIC_ROCK_VOUCHER_9500;SEASHELLS;655.0;13
54100;Penelope;Camilla;VOLCANIC_ROCK_VOUCHER_9750;SEASHELLS;406.0;13
54300;Caesar;Caesar;VOLCANIC_ROCK;SEASHELLS;10154.0;7
54500;Gina;Camilla;KELP;SEASHELLS;2038.0;8
54500;Penelope;Charlie;RAINFOREST_RESIN;SEASHELLS;10008.0;4
54500;Gina;Camilla;SQUID_INK;SEASHELLS;1849.0;8
54600;Charlie;Caesar;KELP;SEASHELLS;2037.0;5
54600;Charlie;Caesar;SQUID_INK;SEASHELLS;1847.0;5
55000;Caesar;Paris;DJEMBES;SEASHELLS;13294.0;4
55100;Camilla;Caesar;VOLCANIC_ROCK_VOUCHER_10000;SEASHELLS;173.0;11
55100;Caesar;Caesar;VOLCANIC_ROCK_VOUCHER_10000;SEASHELLS;173.0;1
55100;Camilla;Caesar;VOLCANIC_ROCK_VOUCHER_10250;SEASHELLS;32.0;11
55100;Caesar;Caesar;VOLCANIC_ROCK_VOUCHER_10250;SEASHELLS;32.0;1
55100;Camilla;Caesar;VOLCANIC_ROCK_VOUCHER_10500;SEASHELLS;3.0;11
55100;Caesar;Caesar;VOLCANIC_ROCK_VOUCHER_10500;SEASHELLS;3.0;1
55100;Camilla;Caesar;VOLCANIC_ROCK_VOUCHER_9500;SEASHELLS;654.0;11
55100;Caesar;Caesar;VOLCANIC_ROCK_VOUCHER_9500;SEASHELLS;654.0;1
55100;Camilla;Caesar;VOLCANIC_ROCK_VOUCHER_9750;SEASHELLS;406.0;11
55100;Caesar;Caesar;VOLCANIC_ROCK_VOUCHER_9750;SEASHELLS;406.0;1
55400;Paris;Caesar;JAMS;SEASHELLS;6521.0;5
55500;Paris;Caesar;JAMS;SEASHELLS;6521.0;9
55500;Paris;Charlie;RAINFOREST_RESIN;SEASHELLS;10008.0;2
55500;Caesar;Caesar;VOLCANIC_ROCK;SEASHELLS;10155.0;6
55600;Caesar;Paris;JAMS;SEASHELLS;6520.0;8
55700;Caesar;Paris;CROISSANTS;SEASHELLS;4232.0;5
55800;Paris;Caesar;JAMS;SEASHELLS;6522.0;5
55800;Charlie;Penelope;KELP;SEASHELLS;2036.0;13
55800;Charlie;Penelope;SQUID_INK;SEASHELLS;1850.0;13
55900;Caesar;Paris;CROISSANTS;SEASHELLS;4231.0;7
56000;Caesar;Paris;DJEMBES;SEASHELLS;13288.0;1
56000;Pablo;Camilla;KELP;SEASHELLS;2038.0;4
56000;Pablo;Charlie;RAINFOREST_RESIN;SEASHELLS;10002.0;3
56000;Paris;Charlie;RAINFOREST_RESIN;SEASHELLS;10001.0;1
56000;Pablo;Camilla;SQUID_INK;SEASHELLS;1852.0;4
56200;Charlie;Pablo;KELP;SEASHELLS;2037.0;3
56200;Penelope;Caesar;PICNIC_BASKET1;SEASHELLS;58260.0;1
56200;Penelope;Charlie;PICNIC_BASKET2;SEASHELLS;30052.0;10
56200;Charlie;Pablo;SQUID_INK;SEASHELLS;1851.0;3
56300;Penelope;Camilla;RAINFOREST_RESIN;SEASHELLS;10003.0;3
56300;Penelope;Charlie;RAINFOREST_RESIN;SEASHELLS;10003.0;3
56400;Gary;Charlie;RAINFOREST_RESIN;SEASHELLS;10008.0;9
56400;Paris;Charlie;RAINFOREST_RESIN;SEASHELLS;10001.0;1
56400;Camilla;Pablo;VOLCANIC_ROCK_VOUCHER_10000;SEASHELLS;160.0;7
56400;Camilla;Pablo;VOLCANIC_ROCK_VOUCHER_10250;SEASHELLS;27.0;7
56400;Camilla;Pablo;VOLCANIC_ROCK_VOUCHER_10500;SEASHELLS;2.0;7
56400;Camilla;Pablo;VOLCANIC_ROCK_VOUCHER_9500;SEASHELLS;637.0;7
56400;Camilla;Pablo;VOLCANIC_ROCK_VOUCHER_9750;SEASHELLS;390.0;7
56500;Caesar;Paris;JAMS;SEASHELLS;6520.0;5
56600;Paris;Caesar;DJEMBES;SEASHELLS;13290.0;1
56600;Camilla;Caesar;PICNIC_BASKET2;SEASHELLS;30050.0;2
56600;Camilla;Caesar;VOLCANIC_ROCK_VOUCHER_10000;SEASHELLS;158.0;12
56600;Camilla;Caesar;VOLCANIC_ROCK_VOUCHER_10250;SEASHELLS;28.0;12
56600;Camilla;Caesar;VOLCANIC_ROCK_VOUCHER_10500;SEASHELLS;2.0;12
56600;Camilla;Caesar;VOLCANIC_ROCK_VOUCHER_9500;SEASHELLS;638.0;12
56600;Camilla;Caesar;VOLCANIC_ROCK_VOUCHER_9750;SEASHELLS;390.0;12
56700;Camilla;Paris;KELP;SEASHELLS;2036.0;1
56700;Camilla;Paris;SQUID_INK;SEASHELLS;1850.0;1
57000;Paris;Caesar;DJEMBES;SEASHELLS;13289.0;2
57000;Caesar;Camilla;JAMS;SEASHELLS;6522.0;4
57000;Paris;Caesar;JAMS;SEASHELLS;6524.0;8
57500;Charlie;Gary;RAINFOREST_RESIN;SEASHELLS;9992.0;7
57500;Pablo;Caesar;VOLCANIC_ROCK;SEASHELLS;10141.0;3
57500;Penelope;Camilla;VOLCANIC_ROCK_VOUCHER_10000;SEASHELLS;162.0;11
57500;Penelope;Camilla;VOLCANIC_ROCK_VOUCHER_9500;SEASHELLS;641.0;11
57500;Penelope;Camilla;VOLCANIC_ROCK_VOUCHER_9750;SEASHELLS;392.0;11
57600;Pablo;Paris;KELP;SEASHELLS;2037.0;1
57600;Penelope;Charlie;KELP;SEASHELLS;2039.0;6
57600;Pablo;Paris;SQUID_INK;SEASHELLS;1857.0;1
57600;Penelope;Charlie;SQUID_INK;SEASHELLS;1858.0;6
57800;Penelope;Charlie;RAINFOREST_RESIN;SEASHELLS;10008.0;7
57800;Camilla;Caesar;VOLCANIC_ROCK_VOUCHER_10000;SEASHELLS;165.0;13
57800;Caesar;Caesar;VOLCANIC_ROCK_VOUCHER_10000;SEASHELLS;165.0;2
57800;Camilla;Caesar;VOLCANIC_ROCK_VOUCHER_10250;SEASHELLS;29.0;13
57800;Caesar;Caesar;VOLCANIC_ROCK_VOUCHER_10250;SEASHELLS;29.0;2
57800;Camilla;Caesar;VOLCANIC_ROCK_VOUCHER_10500;SEASHELLS;2.0;13
57800;Caesar;Caesar;VOLCANIC_ROCK_VOUCHER_10500;SEASHELLS;2.0;2
57800;Camilla;Caesar;VOLCANIC_ROCK_VOUCHER_9500;SEASHELLS;644.0;13
57800;Caesar;Caesar;VOLCANIC_ROCK_VOUCHER_9500;SEASHELLS;644.0;2
57800;Camilla;Caesar;VOLCANIC_ROCK_VOUCHER_9750;SEASHELLS;395.0;13
57800;Caesar;Caesar;VOLCANIC_ROCK_VOUCHER_9750;SEASHELLS;395.0;2
58000;Paris;Charlie;KELP;SEASHELLS;2038.0;1
58200;Paris;Charlie;KELP;SEASHELLS;2039.0;1
58200;Paris;Charlie;SQUID_INK;SEASHELLS;1860.0;1
58300;Charlie;Gary;RAINFOREST_RESIN;SEASHELLS;9992.0;7
58300;Charlie;Pablo;RAINFOREST_RESIN;SEASHELLS;9998.0;3
58400;Paris;Caesar;CROISSANTS;SEASHELLS;4233.0;8
58400;Charlie;Pablo;RAINFOREST_RESIN;SEASHELLS;9992.0;6
58600;Paris;Caesar;JAMS;SEASHELLS;6525.0;8
58700;Charlie;Pablo;KELP;SEASHELLS;2037.0;3
58700;Charlie;Pablo;SQUID_INK;SEASHELLS;1857.0;3
58900;Caesar;Caesar;VOLCANIC_ROCK;SEASHELLS;10144.0;6
59000;Caesar;Camilla;CROISSANTS;SEASHELLS;4232.0;9
59100;Pablo;Camilla;PICNIC_BASKET1;SEASHELLS;58250.0;7
59200;Paris;Charlie;RAINFOREST_RESIN;SEASHELLS;10008.0;1
59200;Paris;Charlie;RAINFOREST_RESIN;SEASHELLS;10001.0;1
59300;Caesar;Camilla;JAMS;SEASHELLS;6524.0;10
59300;Caesar;Paris;MAGNIFICENT_MACARONS;SEASHELLS;590.0;4
59300;Caesar;Pablo;VOLCANIC_ROCK;SEASHELLS;10145.0;1
59300;Caesar;Caesar;VOLCANIC_ROCK;SEASHELLS;10146.0;5
59600;Caesar;Paris;JAMS;SEASHELLS;6524.0;6
59700;Paris;Charlie;RAINFOREST_RESIN;SEASHELLS;10001.0;1
59800;Penelope;Charlie;RAINFOREST_RESIN;SEASHELLS;10008.0;5
59900;Caesar;Paris;JAMS;SEASHELLS;6524.0;7
60000;Penelope;Caesar;PICNIC_BASKET1;SEASHELLS;58261.0;1
60000;Penelope;Caesar;PICNIC_BASKET2;SEASHELLS;30079.0;1
60000;Penelope;Charlie;RAINFOREST_RESIN;SEASHELLS;10008.0;7
60100;Camilla;Penelope;VOLCANIC_ROCK_VOUCHER_10000;SEASHELLS;173.0;16
60100;Camilla;Penelope;VOLCANIC_ROCK_VOUCHER_9500;SEASHELLS;655.0;16
60100;Camilla;Penelope;VOLCANIC_ROCK_VOUCHER_9750;SEASHELLS;406.0;16
60300;Paris;Caesar;CROISSANTS;SEASHELLS;4233.0;8
60300;Penelope;Caesar;PICNIC_BASKET1;SEASHELLS;58263.0;2
60300;Penelope;Caesar;PICNIC_BASKET2;SEASHELLS;30079.0;2
60400;Caesar;Camilla;JAMS;SEASHELLS;6524.0;4
60400;Paris;Caesar;JAMS;SEASHELLS;6526.0;10
60500;Charlie;Pablo;KELP;SEASHELLS;2036.0;4
60500;Charlie;Paris;KELP;SEASHELLS;2036.0;1
60500;Camilla;Camilla;MAGNIFICENT_MACARONS;SEASHELLS;604.0;5
60500;Caesar;Penelope;PICNIC_BASKET1;SEASHELLS;58249.0;1
60500;Camilla;Penelope;PICNIC_BASKET2;SEASHELLS;30071.0;6
60500;Charlie;Paris;SQUID_INK;SEASHELLS;1855.0;1
60500;Charlie;Pablo;SQUID_INK;SEASHELLS;1856.0;4
60600;Paris;Caesar;JAMS;SEASHELLS;6526.0;6
60900;Caesar;Camilla;JAMS;SEASHELLS;6524.0;6
60900;Paris;Charlie;KELP;SEASHELLS;2038.0;1
60900;Pablo;Camilla;PICNIC_BASKET1;SEASHELLS;58259.0;4
60900;Pablo;Camilla;PICNIC_BASKET2;SEASHELLS;30076.0;4
61000;Paris;Charlie;RAINFOREST_RESIN;SEASHELLS;10001.0;1
61100;Caesar;Penelope;PICNIC_BASKET1;SEASHELLS;58249.0;1
61100;Caesar;Penelope;PICNIC_BASKET2;SEASHELLS;30069.0;1
61100;Caesar;Paris;RAINFOREST_RESIN;SEASHELLS;10000.0;2
61300;Caesar;Camilla;CROISSANTS;SEASHELLS;4231.0;7
61400;Penelope;Caesar;KELP;SEASHELLS;2037.0;6
61400;Penelope;Caesar;SQUID_INK;SEASHELLS;1855.0;6
61500;Camilla;Paris;KELP;SEASHELLS;2037.0;1
61500;Camilla;Paris;SQUID_INK;SEASHELLS;1854.0;1
61700;Gina;Charlie;RAINFOREST_RESIN;SEASHELLS;10003.0;7
61700;Pablo;Charlie;RAINFOREST_RESIN;SEASHELLS;10002.0;3
61900;Paris;Caesar;JAMS;SEASHELLS;6524.0;8
62000;Paris;Caesar;DJEMBES;SEASHELLS;13289.0;5
62000;Caesar;Paris;MAGNIFICENT_MACARONS;SEASHELLS;618.0;6
62100;Penelope;Paris;KELP;SEASHELLS;2037.0;1
62100;Charlie;Paris;SQUID_INK;SEASHELLS;1854.0;1
62100;Penelope;Camilla;SQUID_INK;SEASHELLS;1856.0;2
62400;Caesar;Camilla;CROISSANTS;SEASHELLS;4231.0;6
62500;Caesar;Paris;DJEMBES;SEASHELLS;13287.0;3
62600;Caesar;Peter;VOLCANIC_ROCK;SEASHELLS;10159.0;9
62700;Pablo;Charlie;RAINFOREST_RESIN;SEASHELLS;10002.0;3
62800;Caesar;Paris;DJEMBES;SEASHELLS;13288.0;2
62800;Camilla;Paris;JAMS;SEASHELLS;6522.0;7
62800;Camilla;Caesar;MAGNIFICENT_MACARONS;SEASHELLS;619.0;5
62900;Paris;Charlie;MAGNIFICENT_MACARONS;SEASHELLS;623.0;6
63000;Caesar;Paris;CROISSANTS;SEASHELLS;4231.0;7
63000;Charlie;Pablo;RAINFOREST_RESIN;SEASHELLS;9998.0;5
63100;Camilla;Penelope;VOLCANIC_ROCK_VOUCHER_10000;SEASHELLS;175.0;14
63100;Camilla;Penelope;VOLCANIC_ROCK_VOUCHER_9500;SEASHELLS;659.0;14
63100;Camilla;Penelope;VOLCANIC_ROCK_VOUCHER_9750;SEASHELLS;410.0;14
63300;Charlie;Penelope;KELP;SEASHELLS;2037.0;9
63300;Charlie;Penelope;SQUID_INK;SEASHELLS;1855.0;9
63700;Charlie;Pablo;KELP;SEASHELLS;2037.0;5
63700;Pablo;Pablo;RAINFOREST_RESIN;SEASHELLS;9998.0;4
63700;Charlie;Pablo;SQUID_INK;SEASHELLS;1854.0;5
63800;Caesar;Paris;DJEMBES;SEASHELLS;13287.0;1
63800;Caesar;Camilla;JAMS;SEASHELLS;6520.0;4
63800;Paris;Charlie;RAINFOREST_RESIN;SEASHELLS;10001.0;1
63900;Paris;Pablo;KELP;SEASHELLS;2037.0;1
63900;Charlie;Pablo;KELP;SEASHELLS;2037.0;3
63900;Paris;Pablo;SQUID_INK;SEASHELLS;1854.0;1
63900;Charlie;Pablo;SQUID_INK;SEASHELLS;1854.0;3
64000;Paris;Caesar;CROISSANTS;SEASHELLS;4232.0;5
64000;Caesar;Paris;JAMS;SEASHELLS;6519.0;10
64100;Charlie;Paris;KELP;SEASHELLS;2037.0;1
64100;Caesar;Paris;SQUID_INK;SEASHELLS;1854.0;1
64200;Charlie;Pablo;RAINFOREST_RESIN;SEASHELLS;9992.0;6
64400;Paris;Caesar;DJEMBES;SEASHELLS;13289.0;2
64400;Caesar;Camilla;JAMS;SEASHELLS;6519.0;5
64500;Charlie;Paris;KELP;SEASHELLS;2038.0;1
64500;Charlie;Paris;SQUID_INK;SEASHELLS;1851.0;1
64700;Paris;Charlie;KELP;SEASHELLS;2043.0;2
64700;Paris;Charlie;SQUID_INK;SEASHELLS;1854.0;2
64800;Caesar;Pablo;PICNIC_BASKET1;SEASHELLS;58196.0;2
64800;Camilla;Pablo;PICNIC_BASKET2;SEASHELLS;30054.0;2
65000;Charlie;Paris;KELP;SEASHELLS;2040.0;2
65000;Caesar;Paris;SQUID_INK;SEASHELLS;1852.0;1
65000;Charlie;Paris;SQUID_INK;SEASHELLS;1852.0;1
65100;Camilla;Paris;KELP;SEASHELLS;2040.0;1
65100;Pablo;Charlie;RAINFOREST_RESIN;SEASHELLS;10002.0;3
65100;Camilla;Paris;SQUID_INK;SEASHELLS;1852.0;1
65300;Penelope;Camilla;RAINFOREST_RESIN;SEASHELLS;10003.0;4
65300;Camilla;Caesar;VOLCANIC_ROCK_VOUCHER_10000;SEASHELLS;175.0;10
65300;Camilla;Caesar;VOLCANIC_ROCK_VOUCHER_10250;SEASHELLS;32.0;10
65300;Camilla;Caesar;VOLCANIC_ROCK_VOUCHER_10500;SEASHELLS;3.0;10
65300;Camilla;Caesar;VOLCANIC_ROCK_VOUCHER_9500;SEASHELLS;656.0;10
65300;Camilla;Caesar;VOLCANIC_ROCK_VOUCHER_9750;SEASHELLS;407.0;10
65500;Caesar;Paris;DJEMBES;SEASHELLS;13289.0;2
65600;Camilla;Paris;KELP;SEASHELLS;2040.0;1
65600;Camilla;Paris;SQUID_INK;SEASHELLS;1850.0;1
65700;Paris;Charlie;KELP;SEASHELLS;2042.0;1
65700;Camilla;Camilla;MAGNIFICENT_MACARONS;SEASHELLS;598.0;3
65700;Charlie;Pablo;RAINFOREST_RESIN;SEASHELLS;9998.0;5
65800;Caesar;Paris;DJEMBES;SEASHELLS;13290.0;4
65900;Caesar;Camilla;JAMS;SEASHELLS;6520.0;10
66000;Penelope;Charlie;KELP;SEASHELLS;2043.0;5
66000;Penelope;Charlie;SQUID_INK;SEASHELLS;1853.0;5
66200;Charlie;Paris;KELP;SEASHELLS;2040.0;1
66200;Charlie;Paris;SQUID_INK;SEASHELLS;1849.0;1
66200;Camilla;Penelope;VOLCANIC_ROCK_VOUCHER_10000;SEASHELLS;170.0;14
66200;Caesar;Penelope;VOLCANIC_ROCK_VOUCHER_10000;SEASHELLS;170.0;2
66200;Camilla;Penelope;VOLCANIC_ROCK_VOUCHER_9500;SEASHELLS;652.0;14
66200;Caesar;Penelope;VOLCANIC_ROCK_VOUCHER_9500;SEASHELLS;652.0;2
66200;Camilla;Penelope;VOLCANIC_ROCK_VOUCHER_9750;SEASHELLS;403.0;14
66200;Caesar;Penelope;VOLCANIC_ROCK_VOUCHER_9750;SEASHELLS;403.0;2
66300;Pablo;Camilla;KELP;SEASHELLS;2041.0;2
66300;Pablo;Camilla;SQUID_INK;SEASHELLS;1851.0;2
66300;Pablo;Charlie;SQUID_INK;SEASHELLS;1851.0;3
66300;Camilla;Caesar;VOLCANIC_ROCK_VOUCHER_10000;SEASHELLS;170.0;11
66300;Caesar;Caesar;VOLCANIC_ROCK_VOUCHER_10000;SEASHELLS;170.0;1
66300;Camilla;Caesar;VOLCANIC_ROCK_VOUCHER_10250;SEASHELLS;31.0;11
66300;Caesar;Caesar;VOLCANIC_ROCK_VOUCHER_10250;SEASHELLS;31.0;1
66300;Camilla;Caesar;VOLCANIC_ROCK_VOUCHER_10500;SEASHELLS;2.0;11
66300;Caesar;Caesar;VOLCANIC_ROCK_VOUCHER_10500;SEASHELLS;2.0;1
66300;Camilla;Caesar;VOLCANIC_ROCK_VOUCHER_9500;SEASHELLS;653.0;11
66300;Caesar;Caesar;VOLCANIC_ROCK_VOUCHER_9500;SEASHELLS;653.0;1
66300;Camilla;Caesar;VOLCANIC_ROCK_VOUCHER_9750;SEASHELLS;404.0;11
66300;Caesar;Caesar;VOLCANIC_ROCK_VOUCHER_9750;SEASHELLS;404.0;1
66700;Caesar;Paris;CROISSANTS;SEASHELLS;4232.0;7
66700;Charlie;Paris;KELP;SEASHELLS;2041.0;1
66700;Charlie;Paris;SQUID_INK;SEASHELLS;1849.0;1
66800;Caesar;Paris;DJEMBES;SEASHELLS;13290.0;3
66800;Charlie;Caesar;KELP;SEASHELLS;2042.0;4
66900;Camilla;Caesar;VOLCANIC_ROCK_VOUCHER_10000;SEASHELLS;169.0;15
66900;Caesar;Caesar;VOLCANIC_ROCK_VOUCHER_10000;SEASHELLS;169.0;1
66900;Camilla;Caesar;VOLCANIC_ROCK_VOUCHER_10250;SEASHELLS;30.0;15
66900;Caesar;Caesar;VOLCANIC_ROCK_VOUCHER_10250;SEASHELLS;30.0;1
66900;Camilla;Caesar;VOLCANIC_ROCK_VOUCHER_10500;SEASHELLS;2.0;15
66900;Caesar;Caesar;VOLCANIC_ROCK_VOUCHER_10500;SEASHELLS;2.0;1
66900;Camilla;Caesar;VOLCANIC_ROCK_VOUCHER_9500;SEASHELLS;650.0;15
66900;Caesar;Caesar;VOLCANIC_ROCK_VOUCHER_9500;SEASHELLS;650.0;1
66900;Camilla;Caesar;VOLCANIC_ROCK_VOUCHER_9750;SEASHELLS;401.0;15
66900;Caesar;Caesar;VOLCANIC_ROCK_VOUCHER_9750;SEASHELLS;401.0;1
67000;Pablo;Paris;RAINFOREST_RESIN;SEASHELLS;10002.0;1
67100;Caesar;Paris;DJEMBES;SEASHELLS;13290.0;3
67100;Paris;Gina;KELP;SEASHELLS;2043.0;1
67100;Charlie;Gina;KELP;SEASHELLS;2041.0;9
67100;Paris;Gina;SQUID_INK;SEASHELLS;1851.0;1
67100;Charlie;Gina;SQUID_INK;SEASHELLS;1849.0;9
67200;Charlie;Penelope;RAINFOREST_RESIN;SEASHELLS;9992.0;7
67300;Paris;Caesar;DJEMBES;SEASHELLS;13291.0;1
67400;Paris;Caesar;JAMS;SEASHELLS;6523.0;8
67500;Camilla;Camilla;MAGNIFICENT_MACARONS;SEASHELLS;614.0;4
67700;Charlie;Pablo;KELP;SEASHELLS;2041.0;3
67700;Paris;Caesar;RAINFOREST_RESIN;SEASHELLS;10001.0;1
67900;Caesar;Paris;DJEMBES;SEASHELLS;13291.0;5
68500;Caesar;Paris;DJEMBES;SEASHELLS;13291.0;5
68600;Paris;Charlie;KELP;SEASHELLS;2043.0;1
68600;Paris;Charlie;SQUID_INK;SEASHELLS;1852.0;1
68700;Paris;Caesar;CROISSANTS;SEASHELLS;4233.0;8
68800;Charlie;Pablo;KELP;SEASHELLS;2041.0;3
68800;Charlie;Pablo;SQUID_INK;SEASHELLS;1849.0;3
68900;Caesar;Paris;JAMS;SEASHELLS;6520.0;10
69000;Charlie;Pablo;RAINFOREST_RESIN;SEASHELLS;9992.0;4
69000;Penelope;Camilla;VOLCANIC_ROCK_VOUCHER_10000;SEASHELLS;172.0;13
69000;Penelope;Caesar;VOLCANIC_ROCK_VOUCHER_10000;SEASHELLS;172.0;1
69000;Penelope;Camilla;VOLCANIC_ROCK_VOUCHER_10250;SEASHELLS;32.0;13
69000;Penelope;Caesar;VOLCANIC_ROCK_VOUCHER_10250;SEASHELLS;32.0;1
69000;Penelope;Camilla;VOLCANIC_ROCK_VOUCHER_9500;SEASHELLS;654.0;13
69000;Penelope;Caesar;VOLCANIC_ROCK_VOUCHER_9500;SEASHELLS;654.0;1
69000;Penelope;Camilla;VOLCANIC_ROCK_VOUCHER_9750;SEASHELLS;405.0;13
69000;Penelope;Caesar;VOLCANIC_ROCK_VOUCHER_9750;SEASHELLS;405.0;1
69200;Pablo;Charlie;RAINFOREST_RESIN;SEASHELLS;10008.0;5
69300;Caesar;Camilla;DJEMBES;SEASHELLS;13293.0;11
69400;Penelope;Caesar;PICNIC_BASKET1;SEASHELLS;58243.0;1
69400;Penelope;Charlie;PICNIC_BASKET2;SEASHELLS;30089.0;6
69500;Charlie;Paris;RAINFOREST_RESIN;SEASHELLS;9999.0;1
69700;Charlie;Paris;KELP;SEASHELLS;2040.0;1
69700;Charlie;Paris;SQUID_INK;SEASHELLS;1847.0;1
69900;Paris;Caesar;DJEMBES;SEASHELLS;13296.0;1
70000;Caesar;Camilla;DJEMBES;SEASHELLS;13294.0;7
70000;Charlie;Gina;KELP;SEASHELLS;2040.0;8
70000;Charlie;Penelope;KELP;SEASHELLS;2040.0;9
70000;Charlie;Penelope;SQUID_INK;SEASHELLS;1846.0;9
70100;Caesar;Caesar;VOLCANIC_ROCK;SEASHELLS;10154.0;5
70200;Paris;Charlie;KELP;SEASHELLS;2043.0;1
70200;Paris;Charlie;SQUID_INK;SEASHELLS;1850.0;1
70300;Caesar;Pablo;VOLCANIC_ROCK;SEASHELLS;10157.0;2
70400;Penelope;Camilla;VOLCANIC_ROCK_VOUCHER_10000;SEASHELLS;176.0;16
70400;Penelope;Caesar;VOLCANIC_ROCK_VOUCHER_10000;SEASHELLS;176.0;2
70400;Penelope;Camilla;VOLCANIC_ROCK_VOUCHER_9500;SEASHELLS;659.0;16
70400;Penelope;Caesar;VOLCANIC_ROCK_VOUCHER_9500;SEASHELLS;659.0;2
70400;Penelope;Camilla;VOLCANIC_ROCK_VOUCHER_9750;SEASHELLS;410.0;16
70400;Penelope;Caesar;VOLCANIC_ROCK_VOUCHER_9750;SEASHELLS;410.0;2
70600;Camilla;Caesar;VOLCANIC_ROCK_VOUCHER_10000;SEASHELLS;177.0;14
70600;Caesar;Caesar;VOLCANIC_ROCK_VOUCHER_10000;SEASHELLS;177.0;2
70600;Camilla;Caesar;VOLCANIC_ROCK_VOUCHER_10250;SEASHELLS;34.0;14
70600;Caesar;Caesar;VOLCANIC_ROCK_VOUCHER_10250;SEASHELLS;34.0;2
70600;Camilla;Caesar;VOLCANIC_ROCK_VOUCHER_10500;SEASHELLS;3.0;14
70600;Caesar;Caesar;VOLCANIC_ROCK_VOUCHER_10500;SEASHELLS;3.0;2
70600;Camilla;Caesar;VOLCANIC_ROCK_VOUCHER_9500;SEASHELLS;662.0;14
70600;Caesar;Caesar;VOLCANIC_ROCK_VOUCHER_9500;SEASHELLS;662.0;2
70600;Camilla;Caesar;VOLCANIC_ROCK_VOUCHER_9750;SEASHELLS;413.0;14
70600;Caesar;Caesar;VOLCANIC_ROCK_VOUCHER_9750;SEASHELLS;413.0;2
70800;Caesar;Caesar;VOLCANIC_ROCK;SEASHELLS;10154.0;7
70900;Caesar;Paris;DJEMBES;SEASHELLS;13293.0;1
71100;Paris;Charlie;KELP;SEASHELLS;2042.0;1
71100;Camilla;Camilla;MAGNIFICENT_MACARONS;SEASHELLS;595.0;4
71100;Paris;Charlie;SQUID_INK;SEASHELLS;1853.0;1
71300;Caesar;Paris;JAMS;SEASHELLS;6519.0;6
71300;Penelope;Caesar;PICNIC_BASKET1;SEASHELLS;58253.0;1
71300;Penelope;Camilla;PICNIC_BASKET2;SEASHELLS;30093.0;7
71500;Charlie;Paris;KELP;SEASHELLS;2039.0;1
71500;Penelope;Charlie;KELP;SEASHELLS;2043.0;6
71500;Charlie;Paris;SQUID_INK;SEASHELLS;1851.0;1
71500;Penelope;Charlie;SQUID_INK;SEASHELLS;1854.0;6
71600;Camilla;Paris;KELP;SEASHELLS;2039.0;1
71600;Camilla;Paris;SQUID_INK;SEASHELLS;1851.0;1
71700;Caesar;Paris;CROISSANTS;SEASHELLS;4235.0;6
71900;Camilla;Penelope;VOLCANIC_ROCK_VOUCHER_10000;SEASHELLS;176.0;11
71900;Camilla;Penelope;VOLCANIC_ROCK_VOUCHER_9500;SEASHELLS;659.0;11
71900;Camilla;Penelope;VOLCANIC_ROCK_VOUCHER_9750;SEASHELLS;410.0;11
72100;Charlie;Paris;RAINFOREST_RESIN;SEASHELLS;9992.0;1
72400;Caesar;Pablo;PICNIC_BASKET1;SEASHELLS;58251.0;1
72400;Camilla;Pablo;PICNIC_BASKET1;SEASHELLS;58251.0;5
72400;Charlie;Pablo;PICNIC_BASKET2;SEASHELLS;30092.0;6
72500;Paris;Caesar;CROISSANTS;SEASHELLS;4237.0;7
72500;Pablo;Charlie;SQUID_INK;SEASHELLS;1851.0;5
72600;Caesar;Caesar;VOLCANIC_ROCK;SEASHELLS;10158.0;9
72900;Charlie;Penelope;RAINFOREST_RESIN;SEASHELLS;9992.0;4
73000;Paris;Caesar;KELP;SEASHELLS;2041.0;1
73000;Charlie;Paris;KELP;SEASHELLS;2039.0;2
73000;Paris;Caesar;SQUID_INK;SEASHELLS;1852.0;1
73000;Charlie;Paris;SQUID_INK;SEASHELLS;1850.0;2
73100;Penelope;Camilla;VOLCANIC_ROCK_VOUCHER_10000;SEASHELLS;174.0;11
73100;Penelope;Camilla;VOLCANIC_ROCK_VOUCHER_9500;SEASHELLS;659.0;11
73100;Penelope;Camilla;VOLCANIC_ROCK_VOUCHER_9750;SEASHELLS;410.0;11
73200;Paris;Camilla;KELP;SEASHELLS;2042.0;1
73200;Gina;Camilla;RAINFOREST_RESIN;SEASHELLS;10003.0;4
73200;Pablo;Charlie;RAINFOREST_RESIN;SEASHELLS;10008.0;4
73200;Paris;Camilla;SQUID_INK;SEASHELLS;1853.0;1
73300;Paris;Caesar;DJEMBES;SEASHELLS;13291.0;4
73300;Charlie;Paris;KELP;SEASHELLS;2039.0;1
73300;Paris;Charlie;RAINFOREST_RESIN;SEASHELLS;10008.0;1
73300;Charlie;Paris;SQUID_INK;SEASHELLS;1851.0;1
73300;Camilla;Pablo;VOLCANIC_ROCK_VOUCHER_10000;SEASHELLS;180.0;6
73300;Camilla;Pablo;VOLCANIC_ROCK_VOUCHER_10250;SEASHELLS;33.0;6
73300;Camilla;Pablo;VOLCANIC_ROCK_VOUCHER_10500;SEASHELLS;3.0;6
73300;Camilla;Pablo;VOLCANIC_ROCK_VOUCHER_9500;SEASHELLS;661.0;6
73300;Camilla;Pablo;VOLCANIC_ROCK_VOUCHER_9750;SEASHELLS;412.0;6
73400;Penelope;Camilla;VOLCANIC_ROCK_VOUCHER_10000;SEASHELLS;179.0;10
73400;Penelope;Camilla;VOLCANIC_ROCK_VOUCHER_9500;SEASHELLS;667.0;10
73400;Penelope;Camilla;VOLCANIC_ROCK_VOUCHER_9750;SEASHELLS;418.0;10
73500;Camilla;Caesar;VOLCANIC_ROCK_VOUCHER_10000;SEASHELLS;183.0;10
73500;Camilla;Caesar;VOLCANIC_ROCK_VOUCHER_10250;SEASHELLS;34.0;10
73500;Camilla;Caesar;VOLCANIC_ROCK_VOUCHER_10500;SEASHELLS;3.0;10
73500;Camilla;Caesar;VOLCANIC_ROCK_VOUCHER_9500;SEASHELLS;664.0;10
73500;Camilla;Caesar;VOLCANIC_ROCK_VOUCHER_9750;SEASHELLS;415.0;10
73600;Paris;Caesar;CROISSANTS;SEASHELLS;4238.0;7
73600;Caesar;Caesar;VOLCANIC_ROCK;SEASHELLS;10162.0;10
73800;Paris;Charlie;KELP;SEASHELLS;2044.0;2
73800;Paris;Charlie;SQUID_INK;SEASHELLS;1854.0;2
73900;Caesar;Paris;MAGNIFICENT_MACARONS;SEASHELLS;574.0;4
74200;Charlie;Paris;KELP;SEASHELLS;2040.0;1
74300;Paris;Charlie;KELP;SEASHELLS;2043.0;1
74300;Paris;Charlie;SQUID_INK;SEASHELLS;1853.0;1
74400;Charlie;Penelope;KELP;SEASHELLS;2040.0;8
74400;Penelope;Charlie;RAINFOREST_RESIN;SEASHELLS;10008.0;5
74400;Charlie;Penelope;SQUID_INK;SEASHELLS;1851.0;8
74600;Caesar;Paris;JAMS;SEASHELLS;6517.0;8
74700;Camilla;Pablo;VOLCANIC_ROCK_VOUCHER_10000;SEASHELLS;184.0;8
74700;Camilla;Pablo;VOLCANIC_ROCK_VOUCHER_10250;SEASHELLS;35.0;8
74700;Camilla;Pablo;VOLCANIC_ROCK_VOUCHER_10500;SEASHELLS;3.0;8
74700;Camilla;Pablo;VOLCANIC_ROCK_VOUCHER_9500;SEASHELLS;667.0;8
74700;Camilla;Pablo;VOLCANIC_ROCK_VOUCHER_9750;SEASHELLS;418.0;8
74900;Paris;Charlie;RAINFOREST_RESIN;SEASHELLS;10001.0;1
75100;Charlie;Paris;KELP;SEASHELLS;2040.0;1
75100;Camilla;Camilla;MAGNIFICENT_MACARONS;SEASHELLS;581.0;3
75100;Charlie;Paris;SQUID_INK;SEASHELLS;1850.0;1
75300;Camilla;Penelope;VOLCANIC_ROCK_VOUCHER_10000;SEASHELLS;183.0;14
75300;Camilla;Penelope;VOLCANIC_ROCK_VOUCHER_9500;SEASHELLS;667.0;14
75300;Camilla;Penelope;VOLCANIC_ROCK_VOUCHER_9750;SEASHELLS;418.0;14
75400;Paris;Charlie;RAINFOREST_RESIN;SEASHELLS;10008.0;2
75800;Paris;Camilla;KELP;SEASHELLS;2042.0;2
75800;Caesar;Paris;MAGNIFICENT_MACARONS;SEASHELLS;587.0;6
75800;Paris;Camilla;SQUID_INK;SEASHELLS;1850.0;2
75900;Paris;Caesar;JAMS;SEASHELLS;6517.0;5
76500;Paris;Charlie;KELP;SEASHELLS;2044.0;1
76500;Paris;Charlie;SQUID_INK;SEASHELLS;1852.0;1
76500;Pablo;Charlie;SQUID_INK;SEASHELLS;1851.0;2
76800;Charlie;Pablo;RAINFOREST_RESIN;SEASHELLS;9992.0;5
76900;Caesar;Paris;DJEMBES;SEASHELLS;13292.0;2
76900;Caesar;Paris;MAGNIFICENT_MACARONS;SEASHELLS;583.0;6
77000;Penelope;Caesar;KELP;SEASHELLS;2043.0;2
77000;Penelope;Charlie;KELP;SEASHELLS;2043.0;10
77000;Penelope;Caesar;SQUID_INK;SEASHELLS;1851.0;2
77000;Penelope;Charlie;SQUID_INK;SEASHELLS;1851.0;10
77100;Camilla;Penelope;KELP;SEASHELLS;2041.0;5
77100;Camilla;Penelope;SQUID_INK;SEASHELLS;1848.0;5
77400;Charlie;Paris;KELP;SEASHELLS;2040.0;1
77400;Charlie;Paris;SQUID_INK;SEASHELLS;1848.0;1
77500;Camilla;Caesar;VOLCANIC_ROCK_VOUCHER_10000;SEASHELLS;172.0;11
77500;Camilla;Caesar;VOLCANIC_ROCK_VOUCHER_10250;SEASHELLS;31.0;11
77500;Camilla;Caesar;VOLCANIC_ROCK_VOUCHER_10500;SEASHELLS;2.0;11
77500;Camilla;Caesar;VOLCANIC_ROCK_VOUCHER_9500;SEASHELLS;654.0;11
77500;Camilla;Caesar;VOLCANIC_ROCK_VOUCHER_9750;SEASHELLS;406.0;11
78200;Paris;Paris;KELP;SEASHELLS;2043.0;1
78200;Paris;Paris;SQUID_INK;SEASHELLS;1850.0;1
78300;Charlie;Paris;KELP;SEASHELLS;2041.0;1
78300;Charlie;Paris;SQUID_INK;SEASHELLS;1847.0;1
78600;Charlie;Penelope;RAINFOREST_RESIN;SEASHELLS;9992.0;4
78800;Caesar;Camilla;JAMS;SEASHELLS;6517.0;11
79200;Paris;Camilla;KELP;SEASHELLS;2043.0;1
79200;Paris;Charlie;KELP;SEASHELLS;2044.0;2
79200;Charlie;Paris;RAINFOREST_RESIN;SEASHELLS;9992.0;1
79200;Paris;Camilla;SQUID_INK;SEASHELLS;1851.0;1
79200;Paris;Charlie;SQUID_INK;SEASHELLS;1852.0;2
79300;Camilla;Caesar;VOLCANIC_ROCK_VOUCHER_10000;SEASHELLS;166.0;13
79300;Camilla;Caesar;VOLCANIC_ROCK_VOUCHER_10250;SEASHELLS;30.0;13
79300;Camilla;Caesar;VOLCANIC_ROCK_VOUCHER_10500;SEASHELLS;2.0;13
79300;Camilla;Caesar;VOLCANIC_ROCK_VOUCHER_9500;SEASHELLS;648.0;13
79300;Camilla;Caesar;VOLCANIC_ROCK_VOUCHER_9750;SEASHELLS;399.0;13
79400;Paris;Caesar;DJEMBES;SEASHELLS;13295.0;3
79400;Charlie;Paris;RAINFOREST_RESIN;SEASHELLS;9999.0;1
79600;Caesar;Camilla;DJEMBES;SEASHELLS;13295.0;5
79700;Caesar;Camilla;JAMS;SEASHELLS;6517.0;5
79800;Camilla;Penelope;VOLCANIC_ROCK_VOUCHER_10000;SEASHELLS;171.0;16
79800;Camilla;Penelope;VOLCANIC_ROCK_VOUCHER_9500;SEASHELLS;654.0;16
79800;Camilla;Penelope;VOLCANIC_ROCK_VOUCHER_9750;SEASHELLS;405.0;16
79900;Camilla;Caesar;VOLCANIC_ROCK_VOUCHER_10000;SEASHELLS;173.0;13
79900;Caesar;Caesar;VOLCANIC_ROCK_VOUCHER_10000;SEASHELLS;173.0;1
79900;Camilla;Caesar;VOLCANIC_ROCK_VOUCHER_10250;SEASHELLS;31.0;13
79900;Caesar;Caesar;VOLCANIC_ROCK_VOUCHER_10250;SEASHELLS;31.0;1
79900;Camilla;Caesar;VOLCANIC_ROCK_VOUCHER_10500;SEASHELLS;2.0;13
79900;Caesar;Caesar;VOLCANIC_ROCK_VOUCHER_10500;SEASHELLS;2.0;1
79900;Camilla;Caesar;VOLCANIC_ROCK_VOUCHER_9500;SEASHELLS;653.0;13
79900;Caesar;Caesar;VOLCANIC_ROCK_VOUCHER_9500;SEASHELLS;653.0;1
79900;Camilla;Caesar;VOLCANIC_ROCK_VOUCHER_9750;SEASHELLS;404.0;13
79900;Caesar;Caesar;VOLCANIC_ROCK_VOUCHER_9750;SEASHELLS;404.0;1
80000;Paris;Caesar;DJEMBES;SEASHELLS;13294.0;5
80100;Paris;Charlie;KELP;SEASHELLS;2044.0;1
80100;Camilla;Camilla;MAGNIFICENT_MACARONS;SEASHELLS;599.0;5
80100;Camilla;Caesar;VOLCANIC_ROCK_VOUCHER_10000;SEASHELLS;169.0;13
80100;Camilla;Caesar;VOLCANIC_ROCK_VOUCHER_10250;SEASHELLS;31.0;13
80100;Camilla;Caesar;VOLCANIC_ROCK_VOUCHER_10500;SEASHELLS;2.0;13
80100;Camilla;Caesar;VOLCANIC_ROCK_VOUCHER_9500;SEASHELLS;653.0;13
80100;Camilla;Caesar;VOLCANIC_ROCK_VOUCHER_9750;SEASHELLS;404.0;13
80200;Paris;Caesar;CROISSANTS;SEASHELLS;4241.0;6
80300;Paris;Pablo;KELP;SEASHELLS;2042.0;1
80300;Paris;Pablo;SQUID_INK;SEASHELLS;1851.0;1
80300;Camilla;Caesar;VOLCANIC_ROCK_VOUCHER_10000;SEASHELLS;170.0;11
80300;Camilla;Caesar;VOLCANIC_ROCK_VOUCHER_10250;SEASHELLS;31.0;11
80300;Camilla;Caesar;VOLCANIC_ROCK_VOUCHER_10500;SEASHELLS;2.0;11
80300;Camilla;Caesar;VOLCANIC_ROCK_VOUCHER_9500;SEASHELLS;653.0;11
80300;Camilla;Caesar;VOLCANIC_ROCK_VOUCHER_9750;SEASHELLS;405.0;11
80400;Caesar;Paris;DJEMBES;SEASHELLS;13293.0;3
80400;Charlie;Paris;KELP;SEASHELLS;2042.0;1
80400;Charlie;Paris;SQUID_INK;SEASHELLS;1850.0;1
80600;Charlie;Gary;KELP;SEASHELLS;2041.0;9
80600;Charlie;Gary;SQUID_INK;SEASHELLS;1849.0;9
80700;Caesar;Peter;VOLCANIC_ROCK;SEASHELLS;10159.0;5
80800;Paris;Caesar;CROISSANTS;SEASHELLS;4240.0;5
80800;Caesar;Camilla;JAMS;SEASHELLS;6518.0;4
81000;Caesar;Paris;JAMS;SEASHELLS;6518.0;6
81000;Charlie;Paris;KELP;SEASHELLS;2041.0;1
81000;Charlie;Penelope;KELP;SEASHELLS;2041.0;12
81000;Charlie;Penelope;SQUID_INK;SEASHELLS;1847.0;12
81100;Caesar;Paris;CROISSANTS;SEASHELLS;4239.0;7
81300;Paris;Caesar;DJEMBES;SEASHELLS;13292.0;3
81500;Camilla;Paris;KELP;SEASHELLS;2042.0;1
81500;Camilla;Paris;SQUID_INK;SEASHELLS;1847.0;1
82000;Caesar;Camilla;JAMS;SEASHELLS;6517.0;7
82100;Caesar;Paris;DJEMBES;SEASHELLS;13292.0;5
82100;Camilla;Caesar;KELP;SEASHELLS;2041.0;3
82200;Caesar;Paris;CROISSANTS;SEASHELLS;4237.0;6
82200;Caesar;Paris;JAMS;SEASHELLS;6516.0;10
82200;Charlie;Paris;KELP;SEASHELLS;2040.0;2
82200;Pablo;Charlie;RAINFOREST_RESIN;SEASHELLS;10008.0;6
82200;Charlie;Paris;SQUID_INK;SEASHELLS;1846.0;2
82600;Charlie;Pablo;KELP;SEASHELLS;2041.0;2
82600;Pablo;Charlie;RAINFOREST_RESIN;SEASHELLS;10008.0;4
82600;Charlie;Pablo;SQUID_INK;SEASHELLS;1846.0;2
82700;Caesar;Camilla;DJEMBES;SEASHELLS;13292.0;4
83100;Paris;Caesar;CROISSANTS;SEASHELLS;4238.0;8
83100;Paris;Pablo;RAINFOREST_RESIN;SEASHELLS;9998.0;1
83100;Caesar;Pablo;RAINFOREST_RESIN;SEASHELLS;9998.0;3
83200;Caesar;Paris;JAMS;SEASHELLS;6516.0;6
83200;Camilla;Caesar;VOLCANIC_ROCK_VOUCHER_10000;SEASHELLS;175.0;14
83200;Caesar;Caesar;VOLCANIC_ROCK_VOUCHER_10000;SEASHELLS;175.0;2
83200;Camilla;Caesar;VOLCANIC_ROCK_VOUCHER_10250;SEASHELLS;33.0;14
83200;Caesar;Caesar;VOLCANIC_ROCK_VOUCHER_10250;SEASHELLS;33.0;2
83200;Camilla;Caesar;VOLCANIC_ROCK_VOUCHER_10500;SEASHELLS;3.0;14
83200;Caesar;Caesar;VOLCANIC_ROCK_VOUCHER_10500;SEASHELLS;3.0;2
83200;Camilla;Caesar;VOLCANIC_ROCK_VOUCHER_9500;SEASHELLS;658.0;14
83200;Caesar;Caesar;VOLCANIC_ROCK_VOUCHER_9500;SEASHELLS;658.0;2
83200;Camilla;Caesar;VOLCANIC_ROCK_VOUCHER_9750;SEASHELLS;409.0;14
83200;Caesar;Caesar;VOLCANIC_ROCK_VOUCHER_9750;SEASHELLS;409.0;2
83300;Paris;Camilla;KELP;SEASHELLS;2042.0;1
83300;Charlie;Paris;KELP;SEASHELLS;2040.0;2
83300;Pablo;Charlie;RAINFOREST_RESIN;SEASHELLS;10008.0;6
83300;Paris;Camilla;SQUID_INK;SEASHELLS;1849.0;1
83300;Charlie;Paris;SQUID_INK;SEASHELLS;1847.0;2
83400;Caesar;Camilla;JAMS;SEASHELLS;6516.0;8
83400;Charlie;Paris;KELP;SEASHELLS;2040.0;2
83400;Charlie;Paris;SQUID_INK;SEASHELLS;1847.0;2
83500;Caesar;Camilla;CROISSANTS;SEASHELLS;4237.0;4
83500;Caesar;Paris;DJEMBES;SEASHELLS;13295.0;5
83500;Camilla;Caesar;VOLCANIC_ROCK_VOUCHER_10000;SEASHELLS;181.0;12
83500;Camilla;Caesar;VOLCANIC_ROCK_VOUCHER_10250;SEASHELLS;34.0;12
83500;Camilla;Caesar;VOLCANIC_ROCK_VOUCHER_10500;SEASHELLS;3.0;12
83500;Camilla;Caesar;VOLCANIC_ROCK_VOUCHER_9500;SEASHELLS;664.0;12
83500;Camilla;Caesar;VOLCANIC_ROCK_VOUCHER_9750;SEASHELLS;415.0;12
83600;Caesar;Camilla;CROISSANTS;SEASHELLS;4237.0;6
83600;Caesar;Paris;CROISSANTS;SEASHELLS;4237.0;5
83600;Caesar;Paris;JAMS;SEASHELLS;6517.0;6
83900;Paris;Charlie;MAGNIFICENT_MACARONS;SEASHELLS;609.0;5
84000;Paris;Caesar;DJEMBES;SEASHELLS;13296.0;1
84000;Camilla;Penelope;PICNIC_BASKET1;SEASHELLS;58246.0;10
84000;Charlie;Penelope;PICNIC_BASKET2;SEASHELLS;30079.0;10
84000;Camilla;Caesar;VOLCANIC_ROCK_VOUCHER_10000;SEASHELLS;182.0;13
84000;Camilla;Caesar;VOLCANIC_ROCK_VOUCHER_10250;SEASHELLS;34.0;13
84000;Camilla;Caesar;VOLCANIC_ROCK_VOUCHER_10500;SEASHELLS;3.0;13
84000;Camilla;Caesar;VOLCANIC_ROCK_VOUCHER_9500;SEASHELLS;665.0;13
84000;Camilla;Caesar;VOLCANIC_ROCK_VOUCHER_9750;SEASHELLS;416.0;13
84100;Camilla;Camilla;MAGNIFICENT_MACARONS;SEASHELLS;603.0;2
84200;Charlie;Paris;RAINFOREST_RESIN;SEASHELLS;9992.0;1
84300;Gina;Paris;KELP;SEASHELLS;2042.0;1
84300;Gina;Charlie;KELP;SEASHELLS;2042.0;8
84300;Gina;Paris;SQUID_INK;SEASHELLS;1850.0;1
84500;Caesar;Paris;DJEMBES;SEASHELLS;13295.0;4
84700;Paris;Caesar;DJEMBES;SEASHELLS;13297.0;3
84800;Camilla;Pablo;RAINFOREST_RESIN;SEASHELLS;9997.0;6
85200;Pablo;Paris;KELP;SEASHELLS;2042.0;1
85200;Pablo;Paris;SQUID_INK;SEASHELLS;1848.0;1
85300;Charlie;Paris;RAINFOREST_RESIN;SEASHELLS;9999.0;1
85400;Charlie;Penelope;RAINFOREST_RESIN;SEASHELLS;9992.0;5
85400;Caesar;Peter;VOLCANIC_ROCK;SEASHELLS;10162.0;9
85500;Paris;Charlie;RAINFOREST_RESIN;SEASHELLS;10001.0;1
85600;Camilla;Caesar;VOLCANIC_ROCK_VOUCHER_10000;SEASHELLS;182.0;16
85600;Camilla;Caesar;VOLCANIC_ROCK_VOUCHER_10250;SEASHELLS;34.0;16
85600;Camilla;Caesar;VOLCANIC_ROCK_VOUCHER_10500;SEASHELLS;3.0;16
85600;Camilla;Caesar;VOLCANIC_ROCK_VOUCHER_9500;SEASHELLS;664.0;16
85600;Camilla;Caesar;VOLCANIC_ROCK_VOUCHER_9750;SEASHELLS;416.0;16
85700;Paris;Charlie;KELP;SEASHELLS;2043.0;1
85700;Charlie;Paris;RAINFOREST_RESIN;SEASHELLS;9992.0;1
85700;Paris;Charlie;SQUID_INK;SEASHELLS;1849.0;1
85800;Caesar;Camilla;CROISSANTS;SEASHELLS;4238.0;6
85800;Charlie;Paris;RAINFOREST_RESIN;SEASHELLS;9992.0;1
85900;Caesar;Camilla;JAMS;SEASHELLS;6515.0;5
85900;Charlie;Paris;KELP;SEASHELLS;2041.0;1
85900;Charlie;Paris;SQUID_INK;SEASHELLS;1847.0;1
86000;Paris;Charlie;RAINFOREST_RESIN;SEASHELLS;10001.0;1
86100;Charlie;Penelope;RAINFOREST_RESIN;SEASHELLS;9992.0;7
86200;Caesar;Camilla;CROISSANTS;SEASHELLS;4238.0;6
86200;Caesar;Paris;CROISSANTS;SEASHELLS;4238.0;6
86300;Caesar;Paris;DJEMBES;SEASHELLS;13293.0;1
86300;Caesar;Paris;JAMS;SEASHELLS;6515.0;6
86400;Charlie;Paris;KELP;SEASHELLS;2042.0;1
86400;Charlie;Paris;SQUID_INK;SEASHELLS;1850.0;1
86800;Charlie;Paris;KELP;SEASHELLS;2042.0;1
86800;Charlie;Paris;SQUID_INK;SEASHELLS;1849.0;1
86900;Charlie;Pablo;KELP;SEASHELLS;2042.0;3
86900;Charlie;Pablo;SQUID_INK;SEASHELLS;1850.0;3
87100;Charlie;Paris;KELP;SEASHELLS;2042.0;1
87100;Caesar;Paris;SQUID_INK;SEASHELLS;1850.0;1
87300;Pablo;Charlie;RAINFOREST_RESIN;SEASHELLS;10002.0;5
87400;Paris;Caesar;CROISSANTS;SEASHELLS;4239.0;5
87400;Caesar;Paris;DJEMBES;SEASHELLS;13289.0;1
87400;Paris;Caesar;JAMS;SEASHELLS;6516.0;8
87500;Charlie;Penelope;RAINFOREST_RESIN;SEASHELLS;9992.0;5
88100;Caesar;Camilla;CROISSANTS;SEASHELLS;4238.0;6
88100;Penelope;Camilla;PICNIC_BASKET1;SEASHELLS;58264.0;5
88100;Penelope;Charlie;PICNIC_BASKET2;SEASHELLS;30094.0;5
88300;Paris;Charlie;KELP;SEASHELLS;2044.0;1
88300;Paris;Charlie;SQUID_INK;SEASHELLS;1854.0;1
88400;Pablo;Caesar;VOLCANIC_ROCK;SEASHELLS;10170.0;2
88500;Paris;Caesar;DJEMBES;SEASHELLS;13286.0;1
88600;Paris;Caesar;DJEMBES;SEASHELLS;13286.0;2
88700;Caesar;Camilla;CROISSANTS;SEASHELLS;4238.0;6
88700;Paris;Caesar;DJEMBES;SEASHELLS;13287.0;1
88700;Caesar;Camilla;JAMS;SEASHELLS;6514.0;8
88900;Caesar;Camilla;CROISSANTS;SEASHELLS;4239.0;7
89000;Pablo;Caesar;PICNIC_BASKET2;SEASHELLS;30087.0;1
89000;Pablo;Camilla;PICNIC_BASKET2;SEASHELLS;30087.0;6
89100;Charlie;Penelope;RAINFOREST_RESIN;SEASHELLS;9992.0;5
89200;Caesar;Paris;JAMS;SEASHELLS;6514.0;10
89200;Camilla;Caesar;VOLCANIC_ROCK_VOUCHER_10000;SEASHELLS;192.0;17
89200;Caesar;Caesar;VOLCANIC_ROCK_VOUCHER_10000;SEASHELLS;192.0;2
89200;Camilla;Caesar;VOLCANIC_ROCK_VOUCHER_10250;SEASHELLS;38.0;17
89200;Caesar;Caesar;VOLCANIC_ROCK_VOUCHER_10250;SEASHELLS;38.0;2
89200;Camilla;Caesar;VOLCANIC_ROCK_VOUCHER_10500;SEASHELLS;3.0;17
89200;Caesar;Caesar;VOLCANIC_ROCK_VOUCHER_10500;SEASHELLS;3.0;2
89200;Camilla;Caesar;VOLCANIC_ROCK_VOUCHER_9750;SEASHELLS;427.0;17
89200;Caesar;Caesar;VOLCANIC_ROCK_VOUCHER_9750;SEASHELLS;427.0;2
89300;Penelope;Charlie;RAINFOREST_RESIN;SEASHELLS;10008.0;8
89400;Caesar;Paris;KELP;SEASHELLS;2043.0;2
89400;Caesar;Paris;SQUID_INK;SEASHELLS;1853.0;2
89500;Caesar;Paris;DJEMBES;SEASHELLS;13284.0;1
89600;Caesar;Paris;CROISSANTS;SEASHELLS;4239.0;5
89600;Caesar;Camilla;JAMS;SEASHELLS;6514.0;8
89700;Caesar;Paris;DJEMBES;SEASHELLS;13284.0;5
89800;Camilla;Caesar;VOLCANIC_ROCK_VOUCHER_10000;SEASHELLS;192.0;14
89800;Camilla;Caesar;VOLCANIC_ROCK_VOUCHER_10250;SEASHELLS;39.0;14
89800;Camilla;Caesar;VOLCANIC_ROCK_VOUCHER_10500;SEASHELLS;3.0;14
89800;Camilla;Caesar;VOLCANIC_ROCK_VOUCHER_9500;SEASHELLS;679.0;14
89800;Camilla;Caesar;VOLCANIC_ROCK_VOUCHER_9750;SEASHELLS;430.0;14
89900;Pablo;Gary;RAINFOREST_RESIN;SEASHELLS;10002.0;4
89900;Camilla;Caesar;VOLCANIC_ROCK_VOUCHER_10000;SEASHELLS;194.0;12
89900;Camilla;Caesar;VOLCANIC_ROCK_VOUCHER_10250;SEASHELLS;38.0;12
89900;Camilla;Caesar;VOLCANIC_ROCK_VOUCHER_10500;SEASHELLS;3.0;12
89900;Camilla;Caesar;VOLCANIC_ROCK_VOUCHER_9500;SEASHELLS;677.0;12
89900;Camilla;Caesar;VOLCANIC_ROCK_VOUCHER_9750;SEASHELLS;428.0;12
90000;Paris;Camilla;KELP;SEASHELLS;2044.0;1
90000;Paris;Camilla;KELP;SEASHELLS;2044.0;2
90000;Paris;Camilla;SQUID_INK;SEASHELLS;1853.0;1
90000;Paris;Camilla;SQUID_INK;SEASHELLS;1853.0;2
90100;Gina;Charlie;RAINFOREST_RESIN;SEASHELLS;10003.0;6
90200;Camilla;Gary;KELP;SEASHELLS;2042.0;6
90200;Charlie;Gary;KELP;SEASHELLS;2042.0;9
90200;Camilla;Gary;SQUID_INK;SEASHELLS;1851.0;6
90200;Charlie;Gary;SQUID_INK;SEASHELLS;1851.0;9
90400;Charlie;Paris;RAINFOREST_RESIN;SEASHELLS;9992.0;2
90500;Paris;Charlie;MAGNIFICENT_MACARONS;SEASHELLS;623.0;7
90500;Camilla;Pablo;VOLCANIC_ROCK_VOUCHER_10000;SEASHELLS;191.0;11
90500;Camilla;Pablo;VOLCANIC_ROCK_VOUCHER_10250;SEASHELLS;37.0;11
90500;Camilla;Pablo;VOLCANIC_ROCK_VOUCHER_10500;SEASHELLS;3.0;11
90500;Camilla;Pablo;VOLCANIC_ROCK_VOUCHER_9500;SEASHELLS;675.0;11
90500;Camilla;Pablo;VOLCANIC_ROCK_VOUCHER_9750;SEASHELLS;426.0;11
90700;Paris;Caesar;DJEMBES;SEASHELLS;13291.0;2
90700;Charlie;Paris;KELP;SEASHELLS;2042.0;1
90700;Paris;Charlie;RAINFOREST_RESIN;SEASHELLS;10001.0;1
90700;Charlie;Paris;SQUID_INK;SEASHELLS;1852.0;1
90800;Caesar;Camilla;JAMS;SEASHELLS;6516.0;8
90800;Charlie;Paris;KELP;SEASHELLS;2042.0;1
90800;Penelope;Charlie;RAINFOREST_RESIN;SEASHELLS;10008.0;8
90800;Charlie;Paris;SQUID_INK;SEASHELLS;1852.0;1
91100;Paris;Caesar;DJEMBES;SEASHELLS;13288.0;2
91100;Charlie;Paris;KELP;SEASHELLS;2042.0;2
91100;Charlie;Paris;SQUID_INK;SEASHELLS;1850.0;2
91200;Caesar;Pablo;PICNIC_BASKET1;SEASHELLS;58246.0;2
91200;Camilla;Pablo;PICNIC_BASKET1;SEASHELLS;58245.0;2
91200;Camilla;Pablo;PICNIC_BASKET2;SEASHELLS;30074.0;4
91300;Caesar;Caesar;VOLCANIC_ROCK;SEASHELLS;10173.0;10
91500;Paris;Caesar;CROISSANTS;SEASHELLS;4240.0;8
91600;Caesar;Paris;DJEMBES;SEASHELLS;13288.0;5
91600;Charlie;Penelope;RAINFOREST_RESIN;SEASHELLS;9992.0;7
91700;Camilla;Pablo;VOLCANIC_ROCK_VOUCHER_10000;SEASHELLS;192.0;12
91700;Caesar;Pablo;VOLCANIC_ROCK_VOUCHER_10000;SEASHELLS;192.0;1
91700;Camilla;Pablo;VOLCANIC_ROCK_VOUCHER_10250;SEASHELLS;38.0;12
91700;Caesar;Pablo;VOLCANIC_ROCK_VOUCHER_10250;SEASHELLS;38.0;1
91700;Camilla;Pablo;VOLCANIC_ROCK_VOUCHER_10500;SEASHELLS;3.0;12
91700;Caesar;Pablo;VOLCANIC_ROCK_VOUCHER_10500;SEASHELLS;3.0;1
91700;Camilla;Pablo;VOLCANIC_ROCK_VOUCHER_9500;SEASHELLS;675.0;12
91700;Caesar;Pablo;VOLCANIC_ROCK_VOUCHER_9500;SEASHELLS;675.0;1
91700;Camilla;Pablo;VOLCANIC_ROCK_VOUCHER_9750;SEASHELLS;426.0;12
91700;Caesar;Pablo;VOLCANIC_ROCK_VOUCHER_9750;SEASHELLS;426.0;1
91800;Pablo;Paris;KELP;SEASHELLS;2043.0;2
91800;Penelope;Charlie;RAINFOREST_RESIN;SEASHELLS;10008.0;5
91800;Charlie;Paris;RAINFOREST_RESIN;SEASHELLS;9992.0;1
91800;Pablo;Paris;SQUID_INK;SEASHELLS;1847.0;2
91900;Caesar;Pablo;PICNIC_BASKET1;SEASHELLS;58239.0;1
91900;Camilla;Pablo;PICNIC_BASKET1;SEASHELLS;58239.0;5
91900;Camilla;Pablo;PICNIC_BASKET2;SEASHELLS;30084.0;6
91900;Caesar;Pablo;VOLCANIC_ROCK;SEASHELLS;10175.0;2
92000;Caesar;Camilla;JAMS;SEASHELLS;6516.0;4
92000;Paris;Charlie;MAGNIFICENT_MACARONS;SEASHELLS;617.0;5
92000;Charlie;Paris;RAINFOREST_RESIN;SEASHELLS;9992.0;2
92200;Camilla;Caesar;VOLCANIC_ROCK_VOUCHER_10000;SEASHELLS;191.0;13
92200;Caesar;Caesar;VOLCANIC_ROCK_VOUCHER_10000;SEASHELLS;191.0;1
92200;Camilla;Caesar;VOLCANIC_ROCK_VOUCHER_10250;SEASHELLS;37.0;13
92200;Caesar;Caesar;VOLCANIC_ROCK_VOUCHER_10250;SEASHELLS;37.0;1
92200;Camilla;Caesar;VOLCANIC_ROCK_VOUCHER_10500;SEASHELLS;3.0;13
92200;Caesar;Caesar;VOLCANIC_ROCK_VOUCHER_10500;SEASHELLS;3.0;1
92200;Camilla;Caesar;VOLCANIC_ROCK_VOUCHER_9500;SEASHELLS;675.0;13
92200;Caesar;Caesar;VOLCANIC_ROCK_VOUCHER_9500;SEASHELLS;675.0;1
92200;Camilla;Caesar;VOLCANIC_ROCK_VOUCHER_9750;SEASHELLS;426.0;13
92200;Caesar;Caesar;VOLCANIC_ROCK_VOUCHER_9750;SEASHELLS;426.0;1
92400;Paris;Camilla;KELP;SEASHELLS;2044.0;2
92400;Paris;Camilla;SQUID_INK;SEASHELLS;1848.0;2
92400;Peter;Caesar;VOLCANIC_ROCK;SEASHELLS;10173.0;10
92600;Caesar;Camilla;DJEMBES;SEASHELLS;13287.0;4
92600;Caesar;Paris;DJEMBES;SEASHELLS;13287.0;1
92800;Paris;Caesar;DJEMBES;SEASHELLS;13289.0;1
92800;Gary;Charlie;RAINFOREST_RESIN;SEASHELLS;10008.0;7
93100;Camilla;Pablo;KELP;SEASHELLS;2043.0;2
93100;Camilla;Pablo;SQUID_INK;SEASHELLS;1848.0;2
93200;Caesar;Paris;DJEMBES;SEASHELLS;13287.0;3
93300;Caesar;Paris;DJEMBES;SEASHELLS;13287.0;2
93300;Charlie;Paris;KELP;SEASHELLS;2042.0;2
93300;Charlie;Paris;SQUID_INK;SEASHELLS;1847.0;2
93400;Caesar;Camilla;CROISSANTS;SEASHELLS;4238.0;4
93400;Penelope;Camilla;PICNIC_BASKET1;SEASHELLS;58247.0;5
93400;Penelope;Camilla;PICNIC_BASKET2;SEASHELLS;30081.0;5
93600;Caesar;Camilla;JAMS;SEASHELLS;6516.0;3
93700;Camilla;Paris;KELP;SEASHELLS;2043.0;1
93700;Camilla;Paris;SQUID_INK;SEASHELLS;1847.0;1
93900;Paris;Caesar;DJEMBES;SEASHELLS;13290.0;4
93900;Charlie;Paris;KELP;SEASHELLS;2042.0;1
93900;Charlie;Paris;SQUID_INK;SEASHELLS;1847.0;1
93900;Charlie;Caesar;SQUID_INK;SEASHELLS;1848.0;4
94300;Caesar;Camilla;CROISSANTS;SEASHELLS;4237.0;6
94500;Paris;Caesar;JAMS;SEASHELLS;6516.0;8
94500;Paris;Charlie;RAINFOREST_RESIN;SEASHELLS;10008.0;1
94600;Paris;Caesar;JAMS;SEASHELLS;6516.0;4
94600;Paris;Charlie;KELP;SEASHELLS;2045.0;1
94600;Charlie;Gina;RAINFOREST_RESIN;SEASHELLS;9997.0;6
94600;Paris;Charlie;SQUID_INK;SEASHELLS;1849.0;1
94800;Paris;Caesar;JAMS;SEASHELLS;6516.0;10
94800;Charlie;Gina;RAINFOREST_RESIN;SEASHELLS;9997.0;9
95000;Penelope;Camilla;PICNIC_BASKET1;SEASHELLS;58226.0;9
95000;Penelope;Charlie;PICNIC_BASKET2;SEASHELLS;30075.0;9
95000;Paris;Charlie;RAINFOREST_RESIN;SEASHELLS;10008.0;2
95100;Charlie;Paris;RAINFOREST_RESIN;SEASHELLS;9992.0;2
95100;Charlie;Paris;RAINFOREST_RESIN;SEASHELLS;9999.0;1
95200;Caesar;Camilla;CROISSANTS;SEASHELLS;4237.0;5
95400;Paris;Caesar;DJEMBES;SEASHELLS;13283.0;4
95400;Penelope;Charlie;KELP;SEASHELLS;2046.0;11
95400;Penelope;Charlie;SQUID_INK;SEASHELLS;1847.0;11
95600;Penelope;Charlie;RAINFOREST_RESIN;SEASHELLS;10008.0;6
95900;Paris;Charlie;RAINFOREST_RESIN;SEASHELLS;10001.0;1
96100;Charlie;Paris;RAINFOREST_RESIN;SEASHELLS;9992.0;2
96200;Charlie;Paris;KELP;SEASHELLS;2043.0;1
96200;Charlie;Paris;SQUID_INK;SEASHELLS;1842.0;1
96500;Camilla;Paris;RAINFOREST_RESIN;SEASHELLS;9997.0;1
96900;Paris;Charlie;KELP;SEASHELLS;2045.0;1
96900;Paris;Charlie;SQUID_INK;SEASHELLS;1846.0;1
97100;Penelope;Caesar;PICNIC_BASKET1;SEASHELLS;58236.0;5
97100;Penelope;Caesar;PICNIC_BASKET2;SEASHELLS;30060.0;5
97100;Camilla;Caesar;VOLCANIC_ROCK_VOUCHER_10000;SEASHELLS;188.0;19
97100;Caesar;Caesar;VOLCANIC_ROCK_VOUCHER_10000;SEASHELLS;188.0;1
97100;Camilla;Caesar;VOLCANIC_ROCK_VOUCHER_10250;SEASHELLS;38.0;19
97100;Caesar;Caesar;VOLCANIC_ROCK_VOUCHER_10250;SEASHELLS;38.0;1
97100;Camilla;Caesar;VOLCANIC_ROCK_VOUCHER_10500;SEASHELLS;3.0;19
97100;Caesar;Caesar;VOLCANIC_ROCK_VOUCHER_10500;SEASHELLS;3.0;1
97100;Camilla;Caesar;VOLCANIC_ROCK_VOUCHER_9500;SEASHELLS;676.0;19
97100;Caesar;Caesar;VOLCANIC_ROCK_VOUCHER_9500;SEASHELLS;676.0;1
97100;Camilla;Caesar;VOLCANIC_ROCK_VOUCHER_9750;SEASHELLS;427.0;19
97100;Caesar;Caesar;VOLCANIC_ROCK_VOUCHER_9750;SEASHELLS;427.0;1
97500;Paris;Caesar;JAMS;SEASHELLS;6518.0;10
97500;Penelope;Charlie;RAINFOREST_RESIN;SEASHELLS;10008.0;7
97500;Caesar;Pablo;VOLCANIC_ROCK;SEASHELLS;10177.0;3
97600;Caesar;Camilla;DJEMBES;SEASHELLS;13291.0;4
97600;Camilla;Caesar;VOLCANIC_ROCK_VOUCHER_10000;SEASHELLS;192.0;12
97600;Camilla;Caesar;VOLCANIC_ROCK_VOUCHER_10250;SEASHELLS;38.0;12
97600;Camilla;Caesar;VOLCANIC_ROCK_VOUCHER_10500;SEASHELLS;3.0;12
97600;Camilla;Caesar;VOLCANIC_ROCK_VOUCHER_9500;SEASHELLS;678.0;12
97600;Camilla;Caesar;VOLCANIC_ROCK_VOUCHER_9750;SEASHELLS;429.0;12
97700;Charlie;Paris;KELP;SEASHELLS;2043.0;1
97700;Penelope;Charlie;KELP;SEASHELLS;2046.0;12
97700;Paris;Charlie;KELP;SEASHELLS;2046.0;1
97700;Charlie;Paris;SQUID_INK;SEASHELLS;1843.0;1
97700;Penelope;Charlie;SQUID_INK;SEASHELLS;1846.0;12
97700;Paris;Charlie;SQUID_INK;SEASHELLS;1846.0;1
97800;Caesar;Paris;DJEMBES;SEASHELLS;13291.0;1
97900;Caesar;Paris;MAGNIFICENT_MACARONS;SEASHELLS;602.0;5
97900;Charlie;Paris;MAGNIFICENT_MACARONS;SEASHELLS;602.0;1
97900;Caesar;Caesar;VOLCANIC_ROCK;SEASHELLS;10178.0;7
98000;Camilla;Penelope;VOLCANIC_ROCK_VOUCHER_10000;SEASHELLS;193.0;18
98000;Camilla;Penelope;VOLCANIC_ROCK_VOUCHER_9500;SEASHELLS;678.0;18
98000;Camilla;Penelope;VOLCANIC_ROCK_VOUCHER_9750;SEASHELLS;429.0;18
98100;Caesar;Camilla;DJEMBES;SEASHELLS;13291.0;7
98300;Charlie;Pablo;KELP;SEASHELLS;2043.0;5
98300;Charlie;Pablo;SQUID_INK;SEASHELLS;1846.0;5
98400;Caesar;Camilla;DJEMBES;SEASHELLS;13291.0;5
98500;Charlie;Paris;RAINFOREST_RESIN;SEASHELLS;9992.0;2
98600;Caesar;Paris;CROISSANTS;SEASHELLS;4235.0;7
98600;Caesar;Camilla;JAMS;SEASHELLS;6516.0;10
98600;Caesar;Pablo;RAINFOREST_RESIN;SEASHELLS;9998.0;4
98600;Caesar;Caesar;VOLCANIC_ROCK;SEASHELLS;10180.0;7
98700;Charlie;Paris;KELP;SEASHELLS;2043.0;2
98700;Charlie;Penelope;RAINFOREST_RESIN;SEASHELLS;9992.0;4
98700;Charlie;Paris;SQUID_INK;SEASHELLS;1847.0;2
98900;Caesar;Paris;CROISSANTS;SEASHELLS;4235.0;6
98900;Paris;Charlie;KELP;SEASHELLS;2045.0;1
98900;Paris;Charlie;SQUID_INK;SEASHELLS;1850.0;1
98900;Camilla;Caesar;VOLCANIC_ROCK_VOUCHER_10000;SEASHELLS;193.0;15
98900;Camilla;Caesar;VOLCANIC_ROCK_VOUCHER_10250;SEASHELLS;39.0;15
98900;Camilla;Caesar;VOLCANIC_ROCK_VOUCHER_10500;SEASHELLS;3.0;15
98900;Camilla;Caesar;VOLCANIC_ROCK_VOUCHER_9500;SEASHELLS;681.0;15
98900;Camilla;Caesar;VOLCANIC_ROCK_VOUCHER_9750;SEASHELLS;431.0;15
99000;Caesar;Caesar;VOLCANIC_ROCK;SEASHELLS;10180.0;10
99100;Charlie;Paris;KELP;SEASHELLS;2043.0;1
99100;Charlie;Paris;SQUID_INK;SEASHELLS;1848.0;1
99300;Gary;Charlie;KELP;SEASHELLS;2046.0;9
99300;Gary;Charlie;SQUID_INK;SEASHELLS;1851.0;9
99400;Charlie;Pablo;RAINFOREST_RESIN;SEASHELLS;9998.0;4
99500;Paris;Caesar;DJEMBES;SEASHELLS;13293.0;2
99500;Caesar;Paris;JAMS;SEASHELLS;6516.0;8
99700;Charlie;Paris;KELP;SEASHELLS;2043.0;1
99700;Charlie;Paris;SQUID_INK;SEASHELLS;1849.0;1
99700;Camilla;Pablo;VOLCANIC_ROCK_VOUCHER_10000;SEASHELLS;187.0;10
99700;Camilla;Pablo;VOLCANIC_ROCK_VOUCHER_10250;SEASHELLS;37.0;10
